Time,BondIDType,BondID,BidPrice,BidVisibleQuantity,BidHiddenQuantity,OfferPrice,OfferVisibleQuantity,OfferHiddenQuantity
12/26/2024 23:45:32.616,CUSIP,912810RJ9,98.992188,1000000,2000000,99.007812,1000000,2000000
12/26/2024 23:45:32.616,CUSIP,912810UE6,98.992188,2000000,4000000,99.007812,2000000,4000000
12/26/2024 23:45:32.616,CUSIP,912828YU8,98.992188,1000000,2000000,99.007812,1000000,2000000
12/26/2024 23:45:32.616,CUSIP,91282CAY7,98.992188,2000000,4000000,99.007812,2000000,4000000
12/26/2024 23:45:32.616,CUSIP,91282CDJ7,98.992188,1000000,2000000,99.007812,1000000,2000000
12/26/2024 23:45:32.616,CUSIP,91282CFY2,98.992188,2000000,4000000,99.007812,2000000,4000000
12/26/2024 23:45:32.616,CUSIP,91282CLW9,98.992188,1000000,2000000,99.007812,1000000,2000000
12/26/2024 23:45:32.616,CUSIP,912810RJ9,99.000000,2000000,4000000,99.007812,2000000,4000000
12/26/2024 23:45:32.616,CUSIP,912810UE6,99.000000,1000000,2000000,99.007812,1000000,2000000
12/26/2024 23:45:32.616,CUSIP,912828YU8,99.000000,2000000,4000000,99.007812,2000000,4000000
12/26/2024 23:45:32.616,CUSIP,91282CAY7,99.000000,1000000,2000000,99.007812,1000000,2000000
12/26/2024 23:45:32.616,CUSIP,91282CDJ7,99.000000,2000000,4000000,99.007812,2000000,4000000
12/26/2024 23:45:32.616,CUSIP,91282CFY2,99.000000,1000000,2000000,99.007812,1000000,2000000
12/26/2024 23:45:32.617,CUSIP,91282CLW9,99.000000,2000000,4000000,99.007812,2000000,4000000
12/26/2024 23:45:32.617,CUSIP,912810RJ9,99.000000,1000000,2000000,99.015625,1000000,2000000
12/26/2024 23:45:32.617,CUSIP,912810UE6,99.000000,2000000,4000000,99.015625,2000000,4000000
12/26/2024 23:45:32.617,CUSIP,912828YU8,99.000000,1000000,2000000,99.015625,1000000,2000000
12/26/2024 23:45:32.617,CUSIP,91282CAY7,99.000000,2000000,4000000,99.015625,2000000,4000000
12/26/2024 23:45:32.617,CUSIP,91282CDJ7,99.000000,1000000,2000000,99.015625,1000000,2000000
12/26/2024 23:45:32.617,CUSIP,91282CFY2,99.000000,2000000,4000000,99.015625,2000000,4000000
12/26/2024 23:45:32.617,CUSIP,91282CLW9,99.000000,1000000,2000000,99.015625,1000000,2000000
12/26/2024 23:45:32.617,CUSIP,912810RJ9,99.007812,2000000,4000000,99.015625,2000000,4000000
12/26/2024 23:45:32.617,CUSIP,912810UE6,99.007812,1000000,2000000,99.015625,1000000,2000000
12/26/2024 23:45:32.617,CUSIP,912828YU8,99.007812,2000000,4000000,99.015625,2000000,4000000
12/26/2024 23:45:32.617,CUSIP,91282CAY7,99.007812,1000000,2000000,99.015625,1000000,2000000
12/26/2024 23:45:32.617,CUSIP,91282CDJ7,99.007812,2000000,4000000,99.015625,2000000,4000000
12/26/2024 23:45:32.617,CUSIP,91282CFY2,99.007812,1000000,2000000,99.015625,1000000,2000000
12/26/2024 23:45:32.617,CUSIP,91282CLW9,99.007812,2000000,4000000,99.015625,2000000,4000000
12/26/2024 23:45:32.617,CUSIP,912810RJ9,99.007812,1000000,2000000,99.023438,1000000,2000000
12/26/2024 23:45:32.617,CUSIP,912810UE6,99.007812,2000000,4000000,99.023438,2000000,4000000
12/26/2024 23:45:32.617,CUSIP,912828YU8,99.007812,1000000,2000000,99.023438,1000000,2000000
12/26/2024 23:45:32.617,CUSIP,91282CAY7,99.007812,2000000,4000000,99.023438,2000000,4000000
12/26/2024 23:45:32.617,CUSIP,91282CDJ7,99.007812,1000000,2000000,99.023438,1000000,2000000
12/26/2024 23:45:32.617,CUSIP,91282CFY2,99.007812,2000000,4000000,99.023438,2000000,4000000
12/26/2024 23:45:32.617,CUSIP,91282CLW9,99.007812,1000000,2000000,99.023438,1000000,2000000
12/26/2024 23:45:32.617,CUSIP,912810RJ9,99.015625,2000000,4000000,99.023438,2000000,4000000
12/26/2024 23:45:32.617,CUSIP,912810UE6,99.015625,1000000,2000000,99.023438,1000000,2000000
12/26/2024 23:45:32.617,CUSIP,912828YU8,99.015625,2000000,4000000,99.023438,2000000,4000000
12/26/2024 23:45:32.617,CUSIP,91282CAY7,99.015625,1000000,2000000,99.023438,1000000,2000000
12/26/2024 23:45:32.617,CUSIP,91282CDJ7,99.015625,2000000,4000000,99.023438,2000000,4000000
12/26/2024 23:45:32.617,CUSIP,91282CFY2,99.015625,1000000,2000000,99.023438,1000000,2000000
12/26/2024 23:45:32.617,CUSIP,91282CLW9,99.015625,2000000,4000000,99.023438,2000000,4000000
12/26/2024 23:45:32.617,CUSIP,912810RJ9,99.015625,1000000,2000000,99.031250,1000000,2000000
12/26/2024 23:45:32.617,CUSIP,912810UE6,99.015625,2000000,4000000,99.031250,2000000,4000000
12/26/2024 23:45:32.617,CUSIP,912828YU8,99.015625,1000000,2000000,99.031250,1000000,2000000
12/26/2024 23:45:32.617,CUSIP,91282CAY7,99.015625,2000000,4000000,99.031250,2000000,4000000
12/26/2024 23:45:32.617,CUSIP,91282CDJ7,99.015625,1000000,2000000,99.031250,1000000,2000000
12/26/2024 23:45:32.617,CUSIP,91282CFY2,99.015625,2000000,4000000,99.031250,2000000,4000000
12/26/2024 23:45:32.617,CUSIP,91282CLW9,99.015625,1000000,2000000,99.031250,1000000,2000000
12/26/2024 23:45:32.617,CUSIP,912810RJ9,99.023438,2000000,4000000,99.031250,2000000,4000000
12/26/2024 23:45:32.617,CUSIP,912810UE6,99.023438,1000000,2000000,99.031250,1000000,2000000
12/26/2024 23:45:32.617,CUSIP,912828YU8,99.023438,2000000,4000000,99.031250,2000000,4000000
12/26/2024 23:45:32.617,CUSIP,91282CAY7,99.023438,1000000,2000000,99.031250,1000000,2000000
12/26/2024 23:45:32.617,CUSIP,91282CDJ7,99.023438,2000000,4000000,99.031250,2000000,4000000
12/26/2024 23:45:32.617,CUSIP,91282CFY2,99.023438,1000000,2000000,99.031250,1000000,2000000
12/26/2024 23:45:32.617,CUSIP,91282CLW9,99.023438,2000000,4000000,99.031250,2000000,4000000
12/26/2024 23:45:32.617,CUSIP,912810RJ9,99.023438,1000000,2000000,99.039062,1000000,2000000
12/26/2024 23:45:32.617,CUSIP,912810UE6,99.023438,2000000,4000000,99.039062,2000000,4000000
12/26/2024 23:45:32.617,CUSIP,912828YU8,99.023438,1000000,2000000,99.039062,1000000,2000000
12/26/2024 23:45:32.617,CUSIP,91282CAY7,99.023438,2000000,4000000,99.039062,2000000,4000000
12/26/2024 23:45:32.617,CUSIP,91282CDJ7,99.023438,1000000,2000000,99.039062,1000000,2000000
12/26/2024 23:45:32.617,CUSIP,91282CFY2,99.023438,2000000,4000000,99.039062,2000000,4000000
12/26/2024 23:45:32.617,CUSIP,91282CLW9,99.023438,1000000,2000000,99.039062,1000000,2000000
12/26/2024 23:45:32.617,CUSIP,912810RJ9,99.031250,2000000,4000000,99.039062,2000000,4000000
12/26/2024 23:45:32.617,CUSIP,912810UE6,99.031250,1000000,2000000,99.039062,1000000,2000000
12/26/2024 23:45:32.617,CUSIP,912828YU8,99.031250,2000000,4000000,99.039062,2000000,4000000
12/26/2024 23:45:32.617,CUSIP,91282CAY7,99.031250,1000000,2000000,99.039062,1000000,2000000
12/26/2024 23:45:32.617,CUSIP,91282CDJ7,99.031250,2000000,4000000,99.039062,2000000,4000000
12/26/2024 23:45:32.617,CUSIP,91282CFY2,99.031250,1000000,2000000,99.039062,1000000,2000000
12/26/2024 23:45:32.617,CUSIP,91282CLW9,99.031250,2000000,4000000,99.039062,2000000,4000000
12/26/2024 23:45:32.617,CUSIP,912810RJ9,99.031250,1000000,2000000,99.046875,1000000,2000000
12/26/2024 23:45:32.617,CUSIP,912810UE6,99.031250,2000000,4000000,99.046875,2000000,4000000
12/26/2024 23:45:32.617,CUSIP,912828YU8,99.031250,1000000,2000000,99.046875,1000000,2000000
12/26/2024 23:45:32.617,CUSIP,91282CAY7,99.031250,2000000,4000000,99.046875,2000000,4000000
12/26/2024 23:45:32.617,CUSIP,91282CDJ7,99.031250,1000000,2000000,99.046875,1000000,2000000
12/26/2024 23:45:32.617,CUSIP,91282CFY2,99.031250,2000000,4000000,99.046875,2000000,4000000
12/26/2024 23:45:32.617,CUSIP,91282CLW9,99.031250,1000000,2000000,99.046875,1000000,2000000
12/26/2024 23:45:32.617,CUSIP,912810RJ9,99.039062,2000000,4000000,99.046875,2000000,4000000
12/26/2024 23:45:32.617,CUSIP,912810UE6,99.039062,1000000,2000000,99.046875,1000000,2000000
12/26/2024 23:45:32.617,CUSIP,912828YU8,99.039062,2000000,4000000,99.046875,2000000,4000000
12/26/2024 23:45:32.617,CUSIP,91282CAY7,99.039062,1000000,2000000,99.046875,1000000,2000000
12/26/2024 23:45:32.617,CUSIP,91282CDJ7,99.039062,2000000,4000000,99.046875,2000000,4000000
12/26/2024 23:45:32.617,CUSIP,91282CFY2,99.039062,1000000,2000000,99.046875,1000000,2000000
12/26/2024 23:45:32.617,CUSIP,91282CLW9,99.039062,2000000,4000000,99.046875,2000000,4000000
12/26/2024 23:45:32.617,CUSIP,912810RJ9,99.039062,1000000,2000000,99.054688,1000000,2000000
12/26/2024 23:45:32.617,CUSIP,912810UE6,99.039062,2000000,4000000,99.054688,2000000,4000000
12/26/2024 23:45:32.617,CUSIP,912828YU8,99.039062,1000000,2000000,99.054688,1000000,2000000
12/26/2024 23:45:32.617,CUSIP,91282CAY7,99.039062,2000000,4000000,99.054688,2000000,4000000
12/26/2024 23:45:32.618,CUSIP,91282CDJ7,99.039062,1000000,2000000,99.054688,1000000,2000000
12/26/2024 23:45:32.618,CUSIP,91282CFY2,99.039062,2000000,4000000,99.054688,2000000,4000000
12/26/2024 23:45:32.618,CUSIP,91282CLW9,99.039062,1000000,2000000,99.054688,1000000,2000000
12/26/2024 23:45:32.618,CUSIP,912810RJ9,99.046875,2000000,4000000,99.054688,2000000,4000000
12/26/2024 23:45:32.618,CUSIP,912810UE6,99.046875,1000000,2000000,99.054688,1000000,2000000
12/26/2024 23:45:32.618,CUSIP,912828YU8,99.046875,2000000,4000000,99.054688,2000000,4000000
12/26/2024 23:45:32.618,CUSIP,91282CAY7,99.046875,1000000,2000000,99.054688,1000000,2000000
12/26/2024 23:45:32.618,CUSIP,91282CDJ7,99.046875,2000000,4000000,99.054688,2000000,4000000
12/26/2024 23:45:32.618,CUSIP,91282CFY2,99.046875,1000000,2000000,99.054688,1000000,2000000
12/26/2024 23:45:32.618,CUSIP,91282CLW9,99.046875,2000000,4000000,99.054688,2000000,4000000
12/26/2024 23:45:32.618,CUSIP,912810RJ9,99.046875,1000000,2000000,99.062500,1000000,2000000
12/26/2024 23:45:32.618,CUSIP,912810UE6,99.046875,2000000,4000000,99.062500,2000000,4000000
12/26/2024 23:45:32.618,CUSIP,912828YU8,99.046875,1000000,2000000,99.062500,1000000,2000000
12/26/2024 23:45:32.618,CUSIP,91282CAY7,99.046875,2000000,4000000,99.062500,2000000,4000000
12/26/2024 23:45:32.618,CUSIP,91282CDJ7,99.046875,1000000,2000000,99.062500,1000000,2000000
12/26/2024 23:45:32.618,CUSIP,91282CFY2,99.046875,2000000,4000000,99.062500,2000000,4000000
12/26/2024 23:45:32.618,CUSIP,91282CLW9,99.046875,1000000,2000000,99.062500,1000000,2000000
12/26/2024 23:45:32.618,CUSIP,912810RJ9,99.054688,2000000,4000000,99.062500,2000000,4000000
12/26/2024 23:45:32.618,CUSIP,912810UE6,99.054688,1000000,2000000,99.062500,1000000,2000000
12/26/2024 23:45:32.618,CUSIP,912828YU8,99.054688,2000000,4000000,99.062500,2000000,4000000
12/26/2024 23:45:32.618,CUSIP,91282CAY7,99.054688,1000000,2000000,99.062500,1000000,2000000
12/26/2024 23:45:32.618,CUSIP,91282CDJ7,99.054688,2000000,4000000,99.062500,2000000,4000000
12/26/2024 23:45:32.618,CUSIP,91282CFY2,99.054688,1000000,2000000,99.062500,1000000,2000000
12/26/2024 23:45:32.618,CUSIP,91282CLW9,99.054688,2000000,4000000,99.062500,2000000,4000000
12/26/2024 23:45:32.618,CUSIP,912810RJ9,99.054688,1000000,2000000,99.070312,1000000,2000000
12/26/2024 23:45:32.618,CUSIP,912810UE6,99.054688,2000000,4000000,99.070312,2000000,4000000
12/26/2024 23:45:32.618,CUSIP,912828YU8,99.054688,1000000,2000000,99.070312,1000000,2000000
12/26/2024 23:45:32.618,CUSIP,91282CAY7,99.054688,2000000,4000000,99.070312,2000000,4000000
12/26/2024 23:45:32.618,CUSIP,91282CDJ7,99.054688,1000000,2000000,99.070312,1000000,2000000
12/26/2024 23:45:32.618,CUSIP,91282CFY2,99.054688,2000000,4000000,99.070312,2000000,4000000
12/26/2024 23:45:32.618,CUSIP,91282CLW9,99.054688,1000000,2000000,99.070312,1000000,2000000
12/26/2024 23:45:32.618,CUSIP,912810RJ9,99.062500,2000000,4000000,99.070312,2000000,4000000
12/26/2024 23:45:32.618,CUSIP,912810UE6,99.062500,1000000,2000000,99.070312,1000000,2000000
12/26/2024 23:45:32.618,CUSIP,912828YU8,99.062500,2000000,4000000,99.070312,2000000,4000000
12/26/2024 23:45:32.618,CUSIP,91282CAY7,99.062500,1000000,2000000,99.070312,1000000,2000000
12/26/2024 23:45:32.618,CUSIP,91282CDJ7,99.062500,2000000,4000000,99.070312,2000000,4000000
12/26/2024 23:45:32.618,CUSIP,91282CFY2,99.062500,1000000,2000000,99.070312,1000000,2000000
12/26/2024 23:45:32.618,CUSIP,91282CLW9,99.062500,2000000,4000000,99.070312,2000000,4000000
12/26/2024 23:45:32.618,CUSIP,912810RJ9,99.062500,1000000,2000000,99.078125,1000000,2000000
12/26/2024 23:45:32.618,CUSIP,912810UE6,99.062500,2000000,4000000,99.078125,2000000,4000000
12/26/2024 23:45:32.618,CUSIP,912828YU8,99.062500,1000000,2000000,99.078125,1000000,2000000
12/26/2024 23:45:32.618,CUSIP,91282CAY7,99.062500,2000000,4000000,99.078125,2000000,4000000
12/26/2024 23:45:32.618,CUSIP,91282CDJ7,99.062500,1000000,2000000,99.078125,1000000,2000000
12/26/2024 23:45:32.618,CUSIP,91282CFY2,99.062500,2000000,4000000,99.078125,2000000,4000000
12/26/2024 23:45:32.618,CUSIP,91282CLW9,99.062500,1000000,2000000,99.078125,1000000,2000000
12/26/2024 23:45:32.618,CUSIP,912810RJ9,99.070312,2000000,4000000,99.078125,2000000,4000000
12/26/2024 23:45:32.618,CUSIP,912810UE6,99.070312,1000000,2000000,99.078125,1000000,2000000
12/26/2024 23:45:32.618,CUSIP,912828YU8,99.070312,2000000,4000000,99.078125,2000000,4000000
12/26/2024 23:45:32.618,CUSIP,91282CAY7,99.070312,1000000,2000000,99.078125,1000000,2000000
12/26/2024 23:45:32.618,CUSIP,91282CDJ7,99.070312,2000000,4000000,99.078125,2000000,4000000
12/26/2024 23:45:32.618,CUSIP,91282CFY2,99.070312,1000000,2000000,99.078125,1000000,2000000
12/26/2024 23:45:32.618,CUSIP,91282CLW9,99.070312,2000000,4000000,99.078125,2000000,4000000
12/26/2024 23:45:32.618,CUSIP,912810RJ9,99.070312,1000000,2000000,99.085938,1000000,2000000
12/26/2024 23:45:32.619,CUSIP,912810UE6,99.070312,2000000,4000000,99.085938,2000000,4000000
12/26/2024 23:45:32.619,CUSIP,912828YU8,99.070312,1000000,2000000,99.085938,1000000,2000000
12/26/2024 23:45:32.619,CUSIP,91282CAY7,99.070312,2000000,4000000,99.085938,2000000,4000000
12/26/2024 23:45:32.619,CUSIP,91282CDJ7,99.070312,1000000,2000000,99.085938,1000000,2000000
12/26/2024 23:45:32.619,CUSIP,91282CFY2,99.070312,2000000,4000000,99.085938,2000000,4000000
12/26/2024 23:45:32.619,CUSIP,91282CLW9,99.070312,1000000,2000000,99.085938,1000000,2000000
12/26/2024 23:45:32.619,CUSIP,912810RJ9,99.078125,2000000,4000000,99.085938,2000000,4000000
12/26/2024 23:45:32.619,CUSIP,912810UE6,99.078125,1000000,2000000,99.085938,1000000,2000000
12/26/2024 23:45:32.619,CUSIP,912828YU8,99.078125,2000000,4000000,99.085938,2000000,4000000
12/26/2024 23:45:32.619,CUSIP,91282CAY7,99.078125,1000000,2000000,99.085938,1000000,2000000
12/26/2024 23:45:32.619,CUSIP,91282CDJ7,99.078125,2000000,4000000,99.085938,2000000,4000000
12/26/2024 23:45:32.619,CUSIP,91282CFY2,99.078125,1000000,2000000,99.085938,1000000,2000000
12/26/2024 23:45:32.619,CUSIP,91282CLW9,99.078125,2000000,4000000,99.085938,2000000,4000000
12/26/2024 23:45:32.619,CUSIP,912810RJ9,99.078125,1000000,2000000,99.093750,1000000,2000000
12/26/2024 23:45:32.619,CUSIP,912810UE6,99.078125,2000000,4000000,99.093750,2000000,4000000
12/26/2024 23:45:32.619,CUSIP,912828YU8,99.078125,1000000,2000000,99.093750,1000000,2000000
12/26/2024 23:45:32.619,CUSIP,91282CAY7,99.078125,2000000,4000000,99.093750,2000000,4000000
12/26/2024 23:45:32.619,CUSIP,91282CDJ7,99.078125,1000000,2000000,99.093750,1000000,2000000
12/26/2024 23:45:32.619,CUSIP,91282CFY2,99.078125,2000000,4000000,99.093750,2000000,4000000
12/26/2024 23:45:32.619,CUSIP,91282CLW9,99.078125,1000000,2000000,99.093750,1000000,2000000
12/26/2024 23:45:32.619,CUSIP,912810RJ9,99.085938,2000000,4000000,99.093750,2000000,4000000
12/26/2024 23:45:32.619,CUSIP,912810UE6,99.085938,1000000,2000000,99.093750,1000000,2000000
12/26/2024 23:45:32.619,CUSIP,912828YU8,99.085938,2000000,4000000,99.093750,2000000,4000000
12/26/2024 23:45:32.619,CUSIP,91282CAY7,99.085938,1000000,2000000,99.093750,1000000,2000000
12/26/2024 23:45:32.619,CUSIP,91282CDJ7,99.085938,2000000,4000000,99.093750,2000000,4000000
12/26/2024 23:45:32.619,CUSIP,91282CFY2,99.085938,1000000,2000000,99.093750,1000000,2000000
12/26/2024 23:45:32.619,CUSIP,91282CLW9,99.085938,2000000,4000000,99.093750,2000000,4000000
12/26/2024 23:45:32.619,CUSIP,912810RJ9,99.085938,1000000,2000000,99.101562,1000000,2000000
12/26/2024 23:45:32.619,CUSIP,912810UE6,99.085938,2000000,4000000,99.101562,2000000,4000000
12/26/2024 23:45:32.619,CUSIP,912828YU8,99.085938,1000000,2000000,99.101562,1000000,2000000
12/26/2024 23:45:32.619,CUSIP,91282CAY7,99.085938,2000000,4000000,99.101562,2000000,4000000
12/26/2024 23:45:32.619,CUSIP,91282CDJ7,99.085938,1000000,2000000,99.101562,1000000,2000000
12/26/2024 23:45:32.619,CUSIP,91282CFY2,99.085938,2000000,4000000,99.101562,2000000,4000000
12/26/2024 23:45:32.619,CUSIP,91282CLW9,99.085938,1000000,2000000,99.101562,1000000,2000000
12/26/2024 23:45:32.619,CUSIP,912810RJ9,99.093750,2000000,4000000,99.101562,2000000,4000000
12/26/2024 23:45:32.619,CUSIP,912810UE6,99.093750,1000000,2000000,99.101562,1000000,2000000
12/26/2024 23:45:32.619,CUSIP,912828YU8,99.093750,2000000,4000000,99.101562,2000000,4000000
12/26/2024 23:45:32.619,CUSIP,91282CAY7,99.093750,1000000,2000000,99.101562,1000000,2000000
12/26/2024 23:45:32.619,CUSIP,91282CDJ7,99.093750,2000000,4000000,99.101562,2000000,4000000
12/26/2024 23:45:32.619,CUSIP,91282CFY2,99.093750,1000000,2000000,99.101562,1000000,2000000
12/26/2024 23:45:32.619,CUSIP,91282CLW9,99.093750,2000000,4000000,99.101562,2000000,4000000
12/26/2024 23:45:32.619,CUSIP,912810RJ9,99.093750,1000000,2000000,99.109375,1000000,2000000
12/26/2024 23:45:32.619,CUSIP,912810UE6,99.093750,2000000,4000000,99.109375,2000000,4000000
12/26/2024 23:45:32.619,CUSIP,912828YU8,99.093750,1000000,2000000,99.109375,1000000,2000000
12/26/2024 23:45:32.619,CUSIP,91282CAY7,99.093750,2000000,4000000,99.109375,2000000,4000000
12/26/2024 23:45:32.619,CUSIP,91282CDJ7,99.093750,1000000,2000000,99.109375,1000000,2000000
12/26/2024 23:45:32.619,CUSIP,91282CFY2,99.093750,2000000,4000000,99.109375,2000000,4000000
12/26/2024 23:45:32.619,CUSIP,91282CLW9,99.093750,1000000,2000000,99.109375,1000000,2000000
12/26/2024 23:45:32.619,CUSIP,912810RJ9,99.101562,2000000,4000000,99.109375,2000000,4000000
12/26/2024 23:45:32.619,CUSIP,912810UE6,99.101562,1000000,2000000,99.109375,1000000,2000000
12/26/2024 23:45:32.619,CUSIP,912828YU8,99.101562,2000000,4000000,99.109375,2000000,4000000
12/26/2024 23:45:32.619,CUSIP,91282CAY7,99.101562,1000000,2000000,99.109375,1000000,2000000
12/26/2024 23:45:32.619,CUSIP,91282CDJ7,99.101562,2000000,4000000,99.109375,2000000,4000000
12/26/2024 23:45:32.619,CUSIP,91282CFY2,99.101562,1000000,2000000,99.109375,1000000,2000000
12/26/2024 23:45:32.619,CUSIP,91282CLW9,99.101562,2000000,4000000,99.109375,2000000,4000000
12/26/2024 23:45:32.619,CUSIP,912810RJ9,99.101562,1000000,2000000,99.117188,1000000,2000000
12/26/2024 23:45:32.619,CUSIP,912810UE6,99.101562,2000000,4000000,99.117188,2000000,4000000
12/26/2024 23:45:32.619,CUSIP,912828YU8,99.101562,1000000,2000000,99.117188,1000000,2000000
12/26/2024 23:45:32.619,CUSIP,91282CAY7,99.101562,2000000,4000000,99.117188,2000000,4000000
12/26/2024 23:45:32.619,CUSIP,91282CDJ7,99.101562,1000000,2000000,99.117188,1000000,2000000
12/26/2024 23:45:32.619,CUSIP,91282CFY2,99.101562,2000000,4000000,99.117188,2000000,4000000
12/26/2024 23:45:32.619,CUSIP,91282CLW9,99.101562,1000000,2000000,99.117188,1000000,2000000
12/26/2024 23:45:32.620,CUSIP,912810RJ9,99.109375,2000000,4000000,99.117188,2000000,4000000
12/26/2024 23:45:32.620,CUSIP,912810UE6,99.109375,1000000,2000000,99.117188,1000000,2000000
12/26/2024 23:45:32.620,CUSIP,912828YU8,99.109375,2000000,4000000,99.117188,2000000,4000000
12/26/2024 23:45:32.620,CUSIP,91282CAY7,99.109375,1000000,2000000,99.117188,1000000,2000000
12/26/2024 23:45:32.620,CUSIP,91282CDJ7,99.109375,2000000,4000000,99.117188,2000000,4000000
12/26/2024 23:45:32.620,CUSIP,91282CFY2,99.109375,1000000,2000000,99.117188,1000000,2000000
12/26/2024 23:45:32.620,CUSIP,91282CLW9,99.109375,2000000,4000000,99.117188,2000000,4000000
12/26/2024 23:45:32.620,CUSIP,912810RJ9,99.109375,1000000,2000000,99.125000,1000000,2000000
12/26/2024 23:45:32.620,CUSIP,912810UE6,99.109375,2000000,4000000,99.125000,2000000,4000000
12/26/2024 23:45:32.620,CUSIP,912828YU8,99.109375,1000000,2000000,99.125000,1000000,2000000
12/26/2024 23:45:32.620,CUSIP,91282CAY7,99.109375,2000000,4000000,99.125000,2000000,4000000
12/26/2024 23:45:32.620,CUSIP,91282CDJ7,99.109375,1000000,2000000,99.125000,1000000,2000000
12/26/2024 23:45:32.620,CUSIP,91282CFY2,99.109375,2000000,4000000,99.125000,2000000,4000000
12/26/2024 23:45:32.620,CUSIP,91282CLW9,99.109375,1000000,2000000,99.125000,1000000,2000000
12/26/2024 23:45:32.620,CUSIP,912810RJ9,99.117188,2000000,4000000,99.125000,2000000,4000000
12/26/2024 23:45:32.620,CUSIP,912810UE6,99.117188,1000000,2000000,99.125000,1000000,2000000
12/26/2024 23:45:32.620,CUSIP,912828YU8,99.117188,2000000,4000000,99.125000,2000000,4000000
12/26/2024 23:45:32.620,CUSIP,91282CAY7,99.117188,1000000,2000000,99.125000,1000000,2000000
12/26/2024 23:45:32.620,CUSIP,91282CDJ7,99.117188,2000000,4000000,99.125000,2000000,4000000
12/26/2024 23:45:32.620,CUSIP,91282CFY2,99.117188,1000000,2000000,99.125000,1000000,2000000
12/26/2024 23:45:32.620,CUSIP,91282CLW9,99.117188,2000000,4000000,99.125000,2000000,4000000
12/26/2024 23:45:32.620,CUSIP,912810RJ9,99.117188,1000000,2000000,99.132812,1000000,2000000
12/26/2024 23:45:32.620,CUSIP,912810UE6,99.117188,2000000,4000000,99.132812,2000000,4000000
12/26/2024 23:45:32.620,CUSIP,912828YU8,99.117188,1000000,2000000,99.132812,1000000,2000000
12/26/2024 23:45:32.620,CUSIP,91282CAY7,99.117188,2000000,4000000,99.132812,2000000,4000000
12/26/2024 23:45:32.620,CUSIP,91282CDJ7,99.117188,1000000,2000000,99.132812,1000000,2000000
12/26/2024 23:45:32.620,CUSIP,91282CFY2,99.117188,2000000,4000000,99.132812,2000000,4000000
12/26/2024 23:45:32.620,CUSIP,91282CLW9,99.117188,1000000,2000000,99.132812,1000000,2000000
12/26/2024 23:45:32.620,CUSIP,912810RJ9,99.125000,2000000,4000000,99.132812,2000000,4000000
12/26/2024 23:45:32.620,CUSIP,912810UE6,99.125000,1000000,2000000,99.132812,1000000,2000000
12/26/2024 23:45:32.620,CUSIP,912828YU8,99.125000,2000000,4000000,99.132812,2000000,4000000
12/26/2024 23:45:32.620,CUSIP,91282CAY7,99.125000,1000000,2000000,99.132812,1000000,2000000
12/26/2024 23:45:32.620,CUSIP,91282CDJ7,99.125000,2000000,4000000,99.132812,2000000,4000000
12/26/2024 23:45:32.620,CUSIP,91282CFY2,99.125000,1000000,2000000,99.132812,1000000,2000000
12/26/2024 23:45:32.620,CUSIP,91282CLW9,99.125000,2000000,4000000,99.132812,2000000,4000000
12/26/2024 23:45:32.620,CUSIP,912810RJ9,99.125000,1000000,2000000,99.140625,1000000,2000000
12/26/2024 23:45:32.620,CUSIP,912810UE6,99.125000,2000000,4000000,99.140625,2000000,4000000
12/26/2024 23:45:32.620,CUSIP,912828YU8,99.125000,1000000,2000000,99.140625,1000000,2000000
12/26/2024 23:45:32.620,CUSIP,91282CAY7,99.125000,2000000,4000000,99.140625,2000000,4000000
12/26/2024 23:45:32.620,CUSIP,91282CDJ7,99.125000,1000000,2000000,99.140625,1000000,2000000
12/26/2024 23:45:32.620,CUSIP,91282CFY2,99.125000,2000000,4000000,99.140625,2000000,4000000
12/26/2024 23:45:32.620,CUSIP,91282CLW9,99.125000,1000000,2000000,99.140625,1000000,2000000
12/26/2024 23:45:32.620,CUSIP,912810RJ9,99.132812,2000000,4000000,99.140625,2000000,4000000
12/26/2024 23:45:32.620,CUSIP,912810UE6,99.132812,1000000,2000000,99.140625,1000000,2000000
12/26/2024 23:45:32.620,CUSIP,912828YU8,99.132812,2000000,4000000,99.140625,2000000,4000000
12/26/2024 23:45:32.620,CUSIP,91282CAY7,99.132812,1000000,2000000,99.140625,1000000,2000000
12/26/2024 23:45:32.620,CUSIP,91282CDJ7,99.132812,2000000,4000000,99.140625,2000000,4000000
12/26/2024 23:45:32.620,CUSIP,91282CFY2,99.132812,1000000,2000000,99.140625,1000000,2000000
12/26/2024 23:45:32.620,CUSIP,91282CLW9,99.132812,2000000,4000000,99.140625,2000000,4000000
12/26/2024 23:45:32.620,CUSIP,912810RJ9,99.132812,1000000,2000000,99.148438,1000000,2000000
12/26/2024 23:45:32.620,CUSIP,912810UE6,99.132812,2000000,4000000,99.148438,2000000,4000000
12/26/2024 23:45:32.620,CUSIP,912828YU8,99.132812,1000000,2000000,99.148438,1000000,2000000
12/26/2024 23:45:32.620,CUSIP,91282CAY7,99.132812,2000000,4000000,99.148438,2000000,4000000
12/26/2024 23:45:32.620,CUSIP,91282CDJ7,99.132812,1000000,2000000,99.148438,1000000,2000000
12/26/2024 23:45:32.620,CUSIP,91282CFY2,99.132812,2000000,4000000,99.148438,2000000,4000000
12/26/2024 23:45:32.620,CUSIP,91282CLW9,99.132812,1000000,2000000,99.148438,1000000,2000000
12/26/2024 23:45:32.620,CUSIP,912810RJ9,99.140625,2000000,4000000,99.148438,2000000,4000000
12/26/2024 23:45:32.620,CUSIP,912810UE6,99.140625,1000000,2000000,99.148438,1000000,2000000
12/26/2024 23:45:32.620,CUSIP,912828YU8,99.140625,2000000,4000000,99.148438,2000000,4000000
12/26/2024 23:45:32.620,CUSIP,91282CAY7,99.140625,1000000,2000000,99.148438,1000000,2000000
12/26/2024 23:45:32.620,CUSIP,91282CDJ7,99.140625,2000000,4000000,99.148438,2000000,4000000
12/26/2024 23:45:32.620,CUSIP,91282CFY2,99.140625,1000000,2000000,99.148438,1000000,2000000
12/26/2024 23:45:32.620,CUSIP,91282CLW9,99.140625,2000000,4000000,99.148438,2000000,4000000
12/26/2024 23:45:32.621,CUSIP,912810RJ9,99.140625,1000000,2000000,99.156250,1000000,2000000
12/26/2024 23:45:32.621,CUSIP,912810UE6,99.140625,2000000,4000000,99.156250,2000000,4000000
12/26/2024 23:45:32.621,CUSIP,912828YU8,99.140625,1000000,2000000,99.156250,1000000,2000000
12/26/2024 23:45:32.621,CUSIP,91282CAY7,99.140625,2000000,4000000,99.156250,2000000,4000000
12/26/2024 23:45:32.621,CUSIP,91282CDJ7,99.140625,1000000,2000000,99.156250,1000000,2000000
12/26/2024 23:45:32.621,CUSIP,91282CFY2,99.140625,2000000,4000000,99.156250,2000000,4000000
12/26/2024 23:45:32.621,CUSIP,91282CLW9,99.140625,1000000,2000000,99.156250,1000000,2000000
12/26/2024 23:45:32.621,CUSIP,912810RJ9,99.148438,2000000,4000000,99.156250,2000000,4000000
12/26/2024 23:45:32.621,CUSIP,912810UE6,99.148438,1000000,2000000,99.156250,1000000,2000000
12/26/2024 23:45:32.621,CUSIP,912828YU8,99.148438,2000000,4000000,99.156250,2000000,4000000
12/26/2024 23:45:32.621,CUSIP,91282CAY7,99.148438,1000000,2000000,99.156250,1000000,2000000
12/26/2024 23:45:32.621,CUSIP,91282CDJ7,99.148438,2000000,4000000,99.156250,2000000,4000000
12/26/2024 23:45:32.621,CUSIP,91282CFY2,99.148438,1000000,2000000,99.156250,1000000,2000000
12/26/2024 23:45:32.621,CUSIP,91282CLW9,99.148438,2000000,4000000,99.156250,2000000,4000000
12/26/2024 23:45:32.621,CUSIP,912810RJ9,99.148438,1000000,2000000,99.164062,1000000,2000000
12/26/2024 23:45:32.621,CUSIP,912810UE6,99.148438,2000000,4000000,99.164062,2000000,4000000
12/26/2024 23:45:32.621,CUSIP,912828YU8,99.148438,1000000,2000000,99.164062,1000000,2000000
12/26/2024 23:45:32.621,CUSIP,91282CAY7,99.148438,2000000,4000000,99.164062,2000000,4000000
12/26/2024 23:45:32.621,CUSIP,91282CDJ7,99.148438,1000000,2000000,99.164062,1000000,2000000
12/26/2024 23:45:32.621,CUSIP,91282CFY2,99.148438,2000000,4000000,99.164062,2000000,4000000
12/26/2024 23:45:32.621,CUSIP,91282CLW9,99.148438,1000000,2000000,99.164062,1000000,2000000
12/26/2024 23:45:32.621,CUSIP,912810RJ9,99.156250,2000000,4000000,99.164062,2000000,4000000
12/26/2024 23:45:32.621,CUSIP,912810UE6,99.156250,1000000,2000000,99.164062,1000000,2000000
12/26/2024 23:45:32.621,CUSIP,912828YU8,99.156250,2000000,4000000,99.164062,2000000,4000000
12/26/2024 23:45:32.621,CUSIP,91282CAY7,99.156250,1000000,2000000,99.164062,1000000,2000000
12/26/2024 23:45:32.621,CUSIP,91282CDJ7,99.156250,2000000,4000000,99.164062,2000000,4000000
12/26/2024 23:45:32.621,CUSIP,91282CFY2,99.156250,1000000,2000000,99.164062,1000000,2000000
12/26/2024 23:45:32.621,CUSIP,91282CLW9,99.156250,2000000,4000000,99.164062,2000000,4000000
12/26/2024 23:45:32.621,CUSIP,912810RJ9,99.156250,1000000,2000000,99.171875,1000000,2000000
12/26/2024 23:45:32.621,CUSIP,912810UE6,99.156250,2000000,4000000,99.171875,2000000,4000000
12/26/2024 23:45:32.621,CUSIP,912828YU8,99.156250,1000000,2000000,99.171875,1000000,2000000
12/26/2024 23:45:32.621,CUSIP,91282CAY7,99.156250,2000000,4000000,99.171875,2000000,4000000
12/26/2024 23:45:32.621,CUSIP,91282CDJ7,99.156250,1000000,2000000,99.171875,1000000,2000000
12/26/2024 23:45:32.621,CUSIP,91282CFY2,99.156250,2000000,4000000,99.171875,2000000,4000000
12/26/2024 23:45:32.621,CUSIP,91282CLW9,99.156250,1000000,2000000,99.171875,1000000,2000000
12/26/2024 23:45:32.621,CUSIP,912810RJ9,99.164062,2000000,4000000,99.171875,2000000,4000000
12/26/2024 23:45:32.621,CUSIP,912810UE6,99.164062,1000000,2000000,99.171875,1000000,2000000
12/26/2024 23:45:32.621,CUSIP,912828YU8,99.164062,2000000,4000000,99.171875,2000000,4000000
12/26/2024 23:45:32.621,CUSIP,91282CAY7,99.164062,1000000,2000000,99.171875,1000000,2000000
12/26/2024 23:45:32.621,CUSIP,91282CDJ7,99.164062,2000000,4000000,99.171875,2000000,4000000
12/26/2024 23:45:32.621,CUSIP,91282CFY2,99.164062,1000000,2000000,99.171875,1000000,2000000
12/26/2024 23:45:32.621,CUSIP,91282CLW9,99.164062,2000000,4000000,99.171875,2000000,4000000
12/26/2024 23:45:32.621,CUSIP,912810RJ9,99.164062,1000000,2000000,99.179688,1000000,2000000
12/26/2024 23:45:32.621,CUSIP,912810UE6,99.164062,2000000,4000000,99.179688,2000000,4000000
12/26/2024 23:45:32.621,CUSIP,912828YU8,99.164062,1000000,2000000,99.179688,1000000,2000000
12/26/2024 23:45:32.621,CUSIP,91282CAY7,99.164062,2000000,4000000,99.179688,2000000,4000000
12/26/2024 23:45:32.621,CUSIP,91282CDJ7,99.164062,1000000,2000000,99.179688,1000000,2000000
12/26/2024 23:45:32.621,CUSIP,91282CFY2,99.164062,2000000,4000000,99.179688,2000000,4000000
12/26/2024 23:45:32.621,CUSIP,91282CLW9,99.164062,1000000,2000000,99.179688,1000000,2000000
12/26/2024 23:45:32.621,CUSIP,912810RJ9,99.171875,2000000,4000000,99.179688,2000000,4000000
12/26/2024 23:45:32.622,CUSIP,912810UE6,99.171875,1000000,2000000,99.179688,1000000,2000000
12/26/2024 23:45:32.622,CUSIP,912828YU8,99.171875,2000000,4000000,99.179688,2000000,4000000
12/26/2024 23:45:32.622,CUSIP,91282CAY7,99.171875,1000000,2000000,99.179688,1000000,2000000
12/26/2024 23:45:32.622,CUSIP,91282CDJ7,99.171875,2000000,4000000,99.179688,2000000,4000000
12/26/2024 23:45:32.622,CUSIP,91282CFY2,99.171875,1000000,2000000,99.179688,1000000,2000000
12/26/2024 23:45:32.622,CUSIP,91282CLW9,99.171875,2000000,4000000,99.179688,2000000,4000000
12/26/2024 23:45:32.622,CUSIP,912810RJ9,99.171875,1000000,2000000,99.187500,1000000,2000000
12/26/2024 23:45:32.622,CUSIP,912810UE6,99.171875,2000000,4000000,99.187500,2000000,4000000
12/26/2024 23:45:32.622,CUSIP,912828YU8,99.171875,1000000,2000000,99.187500,1000000,2000000
12/26/2024 23:45:32.622,CUSIP,91282CAY7,99.171875,2000000,4000000,99.187500,2000000,4000000
12/26/2024 23:45:32.622,CUSIP,91282CDJ7,99.171875,1000000,2000000,99.187500,1000000,2000000
12/26/2024 23:45:32.622,CUSIP,91282CFY2,99.171875,2000000,4000000,99.187500,2000000,4000000
12/26/2024 23:45:32.622,CUSIP,91282CLW9,99.171875,1000000,2000000,99.187500,1000000,2000000
12/26/2024 23:45:32.622,CUSIP,912810RJ9,99.179688,2000000,4000000,99.187500,2000000,4000000
12/26/2024 23:45:32.622,CUSIP,912810UE6,99.179688,1000000,2000000,99.187500,1000000,2000000
12/26/2024 23:45:32.622,CUSIP,912828YU8,99.179688,2000000,4000000,99.187500,2000000,4000000
12/26/2024 23:45:32.622,CUSIP,91282CAY7,99.179688,1000000,2000000,99.187500,1000000,2000000
12/26/2024 23:45:32.622,CUSIP,91282CDJ7,99.179688,2000000,4000000,99.187500,2000000,4000000
12/26/2024 23:45:32.622,CUSIP,91282CFY2,99.179688,1000000,2000000,99.187500,1000000,2000000
12/26/2024 23:45:32.622,CUSIP,91282CLW9,99.179688,2000000,4000000,99.187500,2000000,4000000
12/26/2024 23:45:32.622,CUSIP,912810RJ9,99.179688,1000000,2000000,99.195312,1000000,2000000
12/26/2024 23:45:32.622,CUSIP,912810UE6,99.179688,2000000,4000000,99.195312,2000000,4000000
12/26/2024 23:45:32.622,CUSIP,912828YU8,99.179688,1000000,2000000,99.195312,1000000,2000000
12/26/2024 23:45:32.622,CUSIP,91282CAY7,99.179688,2000000,4000000,99.195312,2000000,4000000
12/26/2024 23:45:32.622,CUSIP,91282CDJ7,99.179688,1000000,2000000,99.195312,1000000,2000000
12/26/2024 23:45:32.622,CUSIP,91282CFY2,99.179688,2000000,4000000,99.195312,2000000,4000000
12/26/2024 23:45:32.622,CUSIP,91282CLW9,99.179688,1000000,2000000,99.195312,1000000,2000000
12/26/2024 23:45:32.622,CUSIP,912810RJ9,99.187500,2000000,4000000,99.195312,2000000,4000000
12/26/2024 23:45:32.622,CUSIP,912810UE6,99.187500,1000000,2000000,99.195312,1000000,2000000
12/26/2024 23:45:32.622,CUSIP,912828YU8,99.187500,2000000,4000000,99.195312,2000000,4000000
12/26/2024 23:45:32.622,CUSIP,91282CAY7,99.187500,1000000,2000000,99.195312,1000000,2000000
12/26/2024 23:45:32.622,CUSIP,91282CDJ7,99.187500,2000000,4000000,99.195312,2000000,4000000
12/26/2024 23:45:32.622,CUSIP,91282CFY2,99.187500,1000000,2000000,99.195312,1000000,2000000
12/26/2024 23:45:32.622,CUSIP,91282CLW9,99.187500,2000000,4000000,99.195312,2000000,4000000
12/26/2024 23:45:32.622,CUSIP,912810RJ9,99.187500,1000000,2000000,99.203125,1000000,2000000
12/26/2024 23:45:32.622,CUSIP,912810UE6,99.187500,2000000,4000000,99.203125,2000000,4000000
12/26/2024 23:45:32.622,CUSIP,912828YU8,99.187500,1000000,2000000,99.203125,1000000,2000000
12/26/2024 23:45:32.622,CUSIP,91282CAY7,99.187500,2000000,4000000,99.203125,2000000,4000000
12/26/2024 23:45:32.622,CUSIP,91282CDJ7,99.187500,1000000,2000000,99.203125,1000000,2000000
12/26/2024 23:45:32.622,CUSIP,91282CFY2,99.187500,2000000,4000000,99.203125,2000000,4000000
12/26/2024 23:45:32.622,CUSIP,91282CLW9,99.187500,1000000,2000000,99.203125,1000000,2000000
12/26/2024 23:45:32.622,CUSIP,912810RJ9,99.195312,2000000,4000000,99.203125,2000000,4000000
12/26/2024 23:45:32.622,CUSIP,912810UE6,99.195312,1000000,2000000,99.203125,1000000,2000000
12/26/2024 23:45:32.622,CUSIP,912828YU8,99.195312,2000000,4000000,99.203125,2000000,4000000
12/26/2024 23:45:32.622,CUSIP,91282CAY7,99.195312,1000000,2000000,99.203125,1000000,2000000
12/26/2024 23:45:32.622,CUSIP,91282CDJ7,99.195312,2000000,4000000,99.203125,2000000,4000000
12/26/2024 23:45:32.623,CUSIP,91282CFY2,99.195312,1000000,2000000,99.203125,1000000,2000000
12/26/2024 23:45:32.623,CUSIP,91282CLW9,99.195312,2000000,4000000,99.203125,2000000,4000000
12/26/2024 23:45:32.623,CUSIP,912810RJ9,99.195312,1000000,2000000,99.210938,1000000,2000000
12/26/2024 23:45:32.623,CUSIP,912810UE6,99.195312,2000000,4000000,99.210938,2000000,4000000
12/26/2024 23:45:32.623,CUSIP,912828YU8,99.195312,1000000,2000000,99.210938,1000000,2000000
12/26/2024 23:45:32.623,CUSIP,91282CAY7,99.195312,2000000,4000000,99.210938,2000000,4000000
12/26/2024 23:45:32.623,CUSIP,91282CDJ7,99.195312,1000000,2000000,99.210938,1000000,2000000
12/26/2024 23:45:32.623,CUSIP,91282CFY2,99.195312,2000000,4000000,99.210938,2000000,4000000
12/26/2024 23:45:32.623,CUSIP,91282CLW9,99.195312,1000000,2000000,99.210938,1000000,2000000
12/26/2024 23:45:32.623,CUSIP,912810RJ9,99.203125,2000000,4000000,99.210938,2000000,4000000
12/26/2024 23:45:32.623,CUSIP,912810UE6,99.203125,1000000,2000000,99.210938,1000000,2000000
12/26/2024 23:45:32.623,CUSIP,912828YU8,99.203125,2000000,4000000,99.210938,2000000,4000000
12/26/2024 23:45:32.623,CUSIP,91282CAY7,99.203125,1000000,2000000,99.210938,1000000,2000000
12/26/2024 23:45:32.623,CUSIP,91282CDJ7,99.203125,2000000,4000000,99.210938,2000000,4000000
12/26/2024 23:45:32.623,CUSIP,91282CFY2,99.203125,1000000,2000000,99.210938,1000000,2000000
12/26/2024 23:45:32.623,CUSIP,91282CLW9,99.203125,2000000,4000000,99.210938,2000000,4000000
12/26/2024 23:45:32.623,CUSIP,912810RJ9,99.203125,1000000,2000000,99.218750,1000000,2000000
12/26/2024 23:45:32.623,CUSIP,912810UE6,99.203125,2000000,4000000,99.218750,2000000,4000000
12/26/2024 23:45:32.623,CUSIP,912828YU8,99.203125,1000000,2000000,99.218750,1000000,2000000
12/26/2024 23:45:32.623,CUSIP,91282CAY7,99.203125,2000000,4000000,99.218750,2000000,4000000
12/26/2024 23:45:32.623,CUSIP,91282CDJ7,99.203125,1000000,2000000,99.218750,1000000,2000000
12/26/2024 23:45:32.623,CUSIP,91282CFY2,99.203125,2000000,4000000,99.218750,2000000,4000000
12/26/2024 23:45:32.623,CUSIP,91282CLW9,99.203125,1000000,2000000,99.218750,1000000,2000000
12/26/2024 23:45:32.623,CUSIP,912810RJ9,99.210938,2000000,4000000,99.218750,2000000,4000000
12/26/2024 23:45:32.623,CUSIP,912810UE6,99.210938,1000000,2000000,99.218750,1000000,2000000
12/26/2024 23:45:32.623,CUSIP,912828YU8,99.210938,2000000,4000000,99.218750,2000000,4000000
12/26/2024 23:45:32.623,CUSIP,91282CAY7,99.210938,1000000,2000000,99.218750,1000000,2000000
12/26/2024 23:45:32.623,CUSIP,91282CDJ7,99.210938,2000000,4000000,99.218750,2000000,4000000
12/26/2024 23:45:32.623,CUSIP,91282CFY2,99.210938,1000000,2000000,99.218750,1000000,2000000
12/26/2024 23:45:32.623,CUSIP,91282CLW9,99.210938,2000000,4000000,99.218750,2000000,4000000
12/26/2024 23:45:32.623,CUSIP,912810RJ9,99.210938,1000000,2000000,99.226562,1000000,2000000
12/26/2024 23:45:32.623,CUSIP,912810UE6,99.210938,2000000,4000000,99.226562,2000000,4000000
12/26/2024 23:45:32.623,CUSIP,912828YU8,99.210938,1000000,2000000,99.226562,1000000,2000000
12/26/2024 23:45:32.623,CUSIP,91282CAY7,99.210938,2000000,4000000,99.226562,2000000,4000000
12/26/2024 23:45:32.623,CUSIP,91282CDJ7,99.210938,1000000,2000000,99.226562,1000000,2000000
12/26/2024 23:45:32.623,CUSIP,91282CFY2,99.210938,2000000,4000000,99.226562,2000000,4000000
12/26/2024 23:45:32.623,CUSIP,91282CLW9,99.210938,1000000,2000000,99.226562,1000000,2000000
12/26/2024 23:45:32.623,CUSIP,912810RJ9,99.218750,2000000,4000000,99.226562,2000000,4000000
12/26/2024 23:45:32.623,CUSIP,912810UE6,99.218750,1000000,2000000,99.226562,1000000,2000000
12/26/2024 23:45:32.623,CUSIP,912828YU8,99.218750,2000000,4000000,99.226562,2000000,4000000
12/26/2024 23:45:32.623,CUSIP,91282CAY7,99.218750,1000000,2000000,99.226562,1000000,2000000
12/26/2024 23:45:32.623,CUSIP,91282CDJ7,99.218750,2000000,4000000,99.226562,2000000,4000000
12/26/2024 23:45:32.623,CUSIP,91282CFY2,99.218750,1000000,2000000,99.226562,1000000,2000000
12/26/2024 23:45:32.623,CUSIP,91282CLW9,99.218750,2000000,4000000,99.226562,2000000,4000000
12/26/2024 23:45:32.623,CUSIP,912810RJ9,99.218750,1000000,2000000,99.234375,1000000,2000000
12/26/2024 23:45:32.623,CUSIP,912810UE6,99.218750,2000000,4000000,99.234375,2000000,4000000
12/26/2024 23:45:32.623,CUSIP,912828YU8,99.218750,1000000,2000000,99.234375,1000000,2000000
12/26/2024 23:45:32.623,CUSIP,91282CAY7,99.218750,2000000,4000000,99.234375,2000000,4000000
12/26/2024 23:45:32.623,CUSIP,91282CDJ7,99.218750,1000000,2000000,99.234375,1000000,2000000
12/26/2024 23:45:32.623,CUSIP,91282CFY2,99.218750,2000000,4000000,99.234375,2000000,4000000
12/26/2024 23:45:32.623,CUSIP,91282CLW9,99.218750,1000000,2000000,99.234375,1000000,2000000
12/26/2024 23:45:32.623,CUSIP,912810RJ9,99.226562,2000000,4000000,99.234375,2000000,4000000
12/26/2024 23:45:32.623,CUSIP,912810UE6,99.226562,1000000,2000000,99.234375,1000000,2000000
12/26/2024 23:45:32.623,CUSIP,912828YU8,99.226562,2000000,4000000,99.234375,2000000,4000000
12/26/2024 23:45:32.623,CUSIP,91282CAY7,99.226562,1000000,2000000,99.234375,1000000,2000000
12/26/2024 23:45:32.623,CUSIP,91282CDJ7,99.226562,2000000,4000000,99.234375,2000000,4000000
12/26/2024 23:45:32.623,CUSIP,91282CFY2,99.226562,1000000,2000000,99.234375,1000000,2000000
12/26/2024 23:45:32.623,CUSIP,91282CLW9,99.226562,2000000,4000000,99.234375,2000000,4000000
12/26/2024 23:45:32.623,CUSIP,912810RJ9,99.226562,1000000,2000000,99.242188,1000000,2000000
12/26/2024 23:45:32.623,CUSIP,912810UE6,99.226562,2000000,4000000,99.242188,2000000,4000000
12/26/2024 23:45:32.623,CUSIP,912828YU8,99.226562,1000000,2000000,99.242188,1000000,2000000
12/26/2024 23:45:32.623,CUSIP,91282CAY7,99.226562,2000000,4000000,99.242188,2000000,4000000
12/26/2024 23:45:32.623,CUSIP,91282CDJ7,99.226562,1000000,2000000,99.242188,1000000,2000000
12/26/2024 23:45:32.623,CUSIP,91282CFY2,99.226562,2000000,4000000,99.242188,2000000,4000000
12/26/2024 23:45:32.623,CUSIP,91282CLW9,99.226562,1000000,2000000,99.242188,1000000,2000000
12/26/2024 23:45:32.623,CUSIP,912810RJ9,99.234375,2000000,4000000,99.242188,2000000,4000000
12/26/2024 23:45:32.623,CUSIP,912810UE6,99.234375,1000000,2000000,99.242188,1000000,2000000
12/26/2024 23:45:32.623,CUSIP,912828YU8,99.234375,2000000,4000000,99.242188,2000000,4000000
12/26/2024 23:45:32.623,CUSIP,91282CAY7,99.234375,1000000,2000000,99.242188,1000000,2000000
12/26/2024 23:45:32.623,CUSIP,91282CDJ7,99.234375,2000000,4000000,99.242188,2000000,4000000
12/26/2024 23:45:32.623,CUSIP,91282CFY2,99.234375,1000000,2000000,99.242188,1000000,2000000
12/26/2024 23:45:32.623,CUSIP,91282CLW9,99.234375,2000000,4000000,99.242188,2000000,4000000
12/26/2024 23:45:32.623,CUSIP,912810RJ9,99.234375,1000000,2000000,99.250000,1000000,2000000
12/26/2024 23:45:32.623,CUSIP,912810UE6,99.234375,2000000,4000000,99.250000,2000000,4000000
12/26/2024 23:45:32.623,CUSIP,912828YU8,99.234375,1000000,2000000,99.250000,1000000,2000000
12/26/2024 23:45:32.624,CUSIP,91282CAY7,99.234375,2000000,4000000,99.250000,2000000,4000000
12/26/2024 23:45:32.624,CUSIP,91282CDJ7,99.234375,1000000,2000000,99.250000,1000000,2000000
12/26/2024 23:45:32.624,CUSIP,91282CFY2,99.234375,2000000,4000000,99.250000,2000000,4000000
12/26/2024 23:45:32.624,CUSIP,91282CLW9,99.234375,1000000,2000000,99.250000,1000000,2000000
12/26/2024 23:45:32.624,CUSIP,912810RJ9,99.242188,2000000,4000000,99.250000,2000000,4000000
12/26/2024 23:45:32.624,CUSIP,912810UE6,99.242188,1000000,2000000,99.250000,1000000,2000000
12/26/2024 23:45:32.624,CUSIP,912828YU8,99.242188,2000000,4000000,99.250000,2000000,4000000
12/26/2024 23:45:32.624,CUSIP,91282CAY7,99.242188,1000000,2000000,99.250000,1000000,2000000
12/26/2024 23:45:32.624,CUSIP,91282CDJ7,99.242188,2000000,4000000,99.250000,2000000,4000000
12/26/2024 23:45:32.624,CUSIP,91282CFY2,99.242188,1000000,2000000,99.250000,1000000,2000000
12/26/2024 23:45:32.624,CUSIP,91282CLW9,99.242188,2000000,4000000,99.250000,2000000,4000000
12/26/2024 23:45:32.624,CUSIP,912810RJ9,99.242188,1000000,2000000,99.257812,1000000,2000000
12/26/2024 23:45:32.624,CUSIP,912810UE6,99.242188,2000000,4000000,99.257812,2000000,4000000
12/26/2024 23:45:32.624,CUSIP,912828YU8,99.242188,1000000,2000000,99.257812,1000000,2000000
12/26/2024 23:45:32.624,CUSIP,91282CAY7,99.242188,2000000,4000000,99.257812,2000000,4000000
12/26/2024 23:45:32.624,CUSIP,91282CDJ7,99.242188,1000000,2000000,99.257812,1000000,2000000
12/26/2024 23:45:32.624,CUSIP,91282CFY2,99.242188,2000000,4000000,99.257812,2000000,4000000
12/26/2024 23:45:32.624,CUSIP,91282CLW9,99.242188,1000000,2000000,99.257812,1000000,2000000
12/26/2024 23:45:32.624,CUSIP,912810RJ9,99.250000,2000000,4000000,99.257812,2000000,4000000
12/26/2024 23:45:32.624,CUSIP,912810UE6,99.250000,1000000,2000000,99.257812,1000000,2000000
12/26/2024 23:45:32.624,CUSIP,912828YU8,99.250000,2000000,4000000,99.257812,2000000,4000000
12/26/2024 23:45:32.624,CUSIP,91282CAY7,99.250000,1000000,2000000,99.257812,1000000,2000000
12/26/2024 23:45:32.624,CUSIP,91282CDJ7,99.250000,2000000,4000000,99.257812,2000000,4000000
12/26/2024 23:45:32.624,CUSIP,91282CFY2,99.250000,1000000,2000000,99.257812,1000000,2000000
12/26/2024 23:45:32.624,CUSIP,91282CLW9,99.250000,2000000,4000000,99.257812,2000000,4000000
12/26/2024 23:45:32.624,CUSIP,912810RJ9,99.250000,1000000,2000000,99.265625,1000000,2000000
12/26/2024 23:45:32.624,CUSIP,912810UE6,99.250000,2000000,4000000,99.265625,2000000,4000000
12/26/2024 23:45:32.624,CUSIP,912828YU8,99.250000,1000000,2000000,99.265625,1000000,2000000
12/26/2024 23:45:32.624,CUSIP,91282CAY7,99.250000,2000000,4000000,99.265625,2000000,4000000
12/26/2024 23:45:32.624,CUSIP,91282CDJ7,99.250000,1000000,2000000,99.265625,1000000,2000000
12/26/2024 23:45:32.624,CUSIP,91282CFY2,99.250000,2000000,4000000,99.265625,2000000,4000000
12/26/2024 23:45:32.624,CUSIP,91282CLW9,99.250000,1000000,2000000,99.265625,1000000,2000000
12/26/2024 23:45:32.624,CUSIP,912810RJ9,99.257812,2000000,4000000,99.265625,2000000,4000000
12/26/2024 23:45:32.624,CUSIP,912810UE6,99.257812,1000000,2000000,99.265625,1000000,2000000
12/26/2024 23:45:32.624,CUSIP,912828YU8,99.257812,2000000,4000000,99.265625,2000000,4000000
12/26/2024 23:45:32.624,CUSIP,91282CAY7,99.257812,1000000,2000000,99.265625,1000000,2000000
12/26/2024 23:45:32.624,CUSIP,91282CDJ7,99.257812,2000000,4000000,99.265625,2000000,4000000
12/26/2024 23:45:32.624,CUSIP,91282CFY2,99.257812,1000000,2000000,99.265625,1000000,2000000
12/26/2024 23:45:32.624,CUSIP,91282CLW9,99.257812,2000000,4000000,99.265625,2000000,4000000
12/26/2024 23:45:32.624,CUSIP,912810RJ9,99.257812,1000000,2000000,99.273438,1000000,2000000
12/26/2024 23:45:32.624,CUSIP,912810UE6,99.257812,2000000,4000000,99.273438,2000000,4000000
12/26/2024 23:45:32.624,CUSIP,912828YU8,99.257812,1000000,2000000,99.273438,1000000,2000000
12/26/2024 23:45:32.624,CUSIP,91282CAY7,99.257812,2000000,4000000,99.273438,2000000,4000000
12/26/2024 23:45:32.624,CUSIP,91282CDJ7,99.257812,1000000,2000000,99.273438,1000000,2000000
12/26/2024 23:45:32.624,CUSIP,91282CFY2,99.257812,2000000,4000000,99.273438,2000000,4000000
12/26/2024 23:45:32.624,CUSIP,91282CLW9,99.257812,1000000,2000000,99.273438,1000000,2000000
12/26/2024 23:45:32.625,CUSIP,912810RJ9,99.265625,2000000,4000000,99.273438,2000000,4000000
12/26/2024 23:45:32.625,CUSIP,912810UE6,99.265625,1000000,2000000,99.273438,1000000,2000000
12/26/2024 23:45:32.625,CUSIP,912828YU8,99.265625,2000000,4000000,99.273438,2000000,4000000
12/26/2024 23:45:32.625,CUSIP,91282CAY7,99.265625,1000000,2000000,99.273438,1000000,2000000
12/26/2024 23:45:32.625,CUSIP,91282CDJ7,99.265625,2000000,4000000,99.273438,2000000,4000000
12/26/2024 23:45:32.625,CUSIP,91282CFY2,99.265625,1000000,2000000,99.273438,1000000,2000000
12/26/2024 23:45:32.625,CUSIP,91282CLW9,99.265625,2000000,4000000,99.273438,2000000,4000000
12/26/2024 23:45:32.625,CUSIP,912810RJ9,99.265625,1000000,2000000,99.281250,1000000,2000000
12/26/2024 23:45:32.625,CUSIP,912810UE6,99.265625,2000000,4000000,99.281250,2000000,4000000
12/26/2024 23:45:32.625,CUSIP,912828YU8,99.265625,1000000,2000000,99.281250,1000000,2000000
12/26/2024 23:45:32.625,CUSIP,91282CAY7,99.265625,2000000,4000000,99.281250,2000000,4000000
12/26/2024 23:45:32.625,CUSIP,91282CDJ7,99.265625,1000000,2000000,99.281250,1000000,2000000
12/26/2024 23:45:32.625,CUSIP,91282CFY2,99.265625,2000000,4000000,99.281250,2000000,4000000
12/26/2024 23:45:32.625,CUSIP,91282CLW9,99.265625,1000000,2000000,99.281250,1000000,2000000
12/26/2024 23:45:32.625,CUSIP,912810RJ9,99.273438,2000000,4000000,99.281250,2000000,4000000
12/26/2024 23:45:32.625,CUSIP,912810UE6,99.273438,1000000,2000000,99.281250,1000000,2000000
12/26/2024 23:45:32.625,CUSIP,912828YU8,99.273438,2000000,4000000,99.281250,2000000,4000000
12/26/2024 23:45:32.625,CUSIP,91282CAY7,99.273438,1000000,2000000,99.281250,1000000,2000000
12/26/2024 23:45:32.625,CUSIP,91282CDJ7,99.273438,2000000,4000000,99.281250,2000000,4000000
12/26/2024 23:45:32.625,CUSIP,91282CFY2,99.273438,1000000,2000000,99.281250,1000000,2000000
12/26/2024 23:45:32.625,CUSIP,91282CLW9,99.273438,2000000,4000000,99.281250,2000000,4000000
12/26/2024 23:45:32.625,CUSIP,912810RJ9,99.273438,1000000,2000000,99.289062,1000000,2000000
12/26/2024 23:45:32.625,CUSIP,912810UE6,99.273438,2000000,4000000,99.289062,2000000,4000000
12/26/2024 23:45:32.625,CUSIP,912828YU8,99.273438,1000000,2000000,99.289062,1000000,2000000
12/26/2024 23:45:32.625,CUSIP,91282CAY7,99.273438,2000000,4000000,99.289062,2000000,4000000
12/26/2024 23:45:32.625,CUSIP,91282CDJ7,99.273438,1000000,2000000,99.289062,1000000,2000000
12/26/2024 23:45:32.625,CUSIP,91282CFY2,99.273438,2000000,4000000,99.289062,2000000,4000000
12/26/2024 23:45:32.625,CUSIP,91282CLW9,99.273438,1000000,2000000,99.289062,1000000,2000000
12/26/2024 23:45:32.625,CUSIP,912810RJ9,99.281250,2000000,4000000,99.289062,2000000,4000000
12/26/2024 23:45:32.625,CUSIP,912810UE6,99.281250,1000000,2000000,99.289062,1000000,2000000
12/26/2024 23:45:32.625,CUSIP,912828YU8,99.281250,2000000,4000000,99.289062,2000000,4000000
12/26/2024 23:45:32.625,CUSIP,91282CAY7,99.281250,1000000,2000000,99.289062,1000000,2000000
12/26/2024 23:45:32.625,CUSIP,91282CDJ7,99.281250,2000000,4000000,99.289062,2000000,4000000
12/26/2024 23:45:32.625,CUSIP,91282CFY2,99.281250,1000000,2000000,99.289062,1000000,2000000
12/26/2024 23:45:32.625,CUSIP,91282CLW9,99.281250,2000000,4000000,99.289062,2000000,4000000
12/26/2024 23:45:32.625,CUSIP,912810RJ9,99.281250,1000000,2000000,99.296875,1000000,2000000
12/26/2024 23:45:32.625,CUSIP,912810UE6,99.281250,2000000,4000000,99.296875,2000000,4000000
12/26/2024 23:45:32.625,CUSIP,912828YU8,99.281250,1000000,2000000,99.296875,1000000,2000000
12/26/2024 23:45:32.625,CUSIP,91282CAY7,99.281250,2000000,4000000,99.296875,2000000,4000000
12/26/2024 23:45:32.625,CUSIP,91282CDJ7,99.281250,1000000,2000000,99.296875,1000000,2000000
12/26/2024 23:45:32.625,CUSIP,91282CFY2,99.281250,2000000,4000000,99.296875,2000000,4000000
12/26/2024 23:45:32.625,CUSIP,91282CLW9,99.281250,1000000,2000000,99.296875,1000000,2000000
12/26/2024 23:45:32.625,CUSIP,912810RJ9,99.289062,2000000,4000000,99.296875,2000000,4000000
12/26/2024 23:45:32.625,CUSIP,912810UE6,99.289062,1000000,2000000,99.296875,1000000,2000000
12/26/2024 23:45:32.625,CUSIP,912828YU8,99.289062,2000000,4000000,99.296875,2000000,4000000
12/26/2024 23:45:32.625,CUSIP,91282CAY7,99.289062,1000000,2000000,99.296875,1000000,2000000
12/26/2024 23:45:32.625,CUSIP,91282CDJ7,99.289062,2000000,4000000,99.296875,2000000,4000000
12/26/2024 23:45:32.625,CUSIP,91282CFY2,99.289062,1000000,2000000,99.296875,1000000,2000000
12/26/2024 23:45:32.625,CUSIP,91282CLW9,99.289062,2000000,4000000,99.296875,2000000,4000000
12/26/2024 23:45:32.625,CUSIP,912810RJ9,99.289062,1000000,2000000,99.304688,1000000,2000000
12/26/2024 23:45:32.625,CUSIP,912810UE6,99.289062,2000000,4000000,99.304688,2000000,4000000
12/26/2024 23:45:32.626,CUSIP,912828YU8,99.289062,1000000,2000000,99.304688,1000000,2000000
12/26/2024 23:45:32.626,CUSIP,91282CAY7,99.289062,2000000,4000000,99.304688,2000000,4000000
12/26/2024 23:45:32.626,CUSIP,91282CDJ7,99.289062,1000000,2000000,99.304688,1000000,2000000
12/26/2024 23:45:32.626,CUSIP,91282CFY2,99.289062,2000000,4000000,99.304688,2000000,4000000
12/26/2024 23:45:32.626,CUSIP,91282CLW9,99.289062,1000000,2000000,99.304688,1000000,2000000
12/26/2024 23:45:32.626,CUSIP,912810RJ9,99.296875,2000000,4000000,99.304688,2000000,4000000
12/26/2024 23:45:32.626,CUSIP,912810UE6,99.296875,1000000,2000000,99.304688,1000000,2000000
12/26/2024 23:45:32.626,CUSIP,912828YU8,99.296875,2000000,4000000,99.304688,2000000,4000000
12/26/2024 23:45:32.626,CUSIP,91282CAY7,99.296875,1000000,2000000,99.304688,1000000,2000000
12/26/2024 23:45:32.626,CUSIP,91282CDJ7,99.296875,2000000,4000000,99.304688,2000000,4000000
12/26/2024 23:45:32.626,CUSIP,91282CFY2,99.296875,1000000,2000000,99.304688,1000000,2000000
12/26/2024 23:45:32.626,CUSIP,91282CLW9,99.296875,2000000,4000000,99.304688,2000000,4000000
12/26/2024 23:45:32.626,CUSIP,912810RJ9,99.296875,1000000,2000000,99.312500,1000000,2000000
12/26/2024 23:45:32.626,CUSIP,912810UE6,99.296875,2000000,4000000,99.312500,2000000,4000000
12/26/2024 23:45:32.626,CUSIP,912828YU8,99.296875,1000000,2000000,99.312500,1000000,2000000
12/26/2024 23:45:32.626,CUSIP,91282CAY7,99.296875,2000000,4000000,99.312500,2000000,4000000
12/26/2024 23:45:32.626,CUSIP,91282CDJ7,99.296875,1000000,2000000,99.312500,1000000,2000000
12/26/2024 23:45:32.626,CUSIP,91282CFY2,99.296875,2000000,4000000,99.312500,2000000,4000000
12/26/2024 23:45:32.626,CUSIP,91282CLW9,99.296875,1000000,2000000,99.312500,1000000,2000000
12/26/2024 23:45:32.626,CUSIP,912810RJ9,99.304688,2000000,4000000,99.312500,2000000,4000000
12/26/2024 23:45:32.626,CUSIP,912810UE6,99.304688,1000000,2000000,99.312500,1000000,2000000
12/26/2024 23:45:32.626,CUSIP,912828YU8,99.304688,2000000,4000000,99.312500,2000000,4000000
12/26/2024 23:45:32.626,CUSIP,91282CAY7,99.304688,1000000,2000000,99.312500,1000000,2000000
12/26/2024 23:45:32.626,CUSIP,91282CDJ7,99.304688,2000000,4000000,99.312500,2000000,4000000
12/26/2024 23:45:32.626,CUSIP,91282CFY2,99.304688,1000000,2000000,99.312500,1000000,2000000
12/26/2024 23:45:32.626,CUSIP,91282CLW9,99.304688,2000000,4000000,99.312500,2000000,4000000
12/26/2024 23:45:32.626,CUSIP,912810RJ9,99.304688,1000000,2000000,99.320312,1000000,2000000
12/26/2024 23:45:32.626,CUSIP,912810UE6,99.304688,2000000,4000000,99.320312,2000000,4000000
12/26/2024 23:45:32.626,CUSIP,912828YU8,99.304688,1000000,2000000,99.320312,1000000,2000000
12/26/2024 23:45:32.626,CUSIP,91282CAY7,99.304688,2000000,4000000,99.320312,2000000,4000000
12/26/2024 23:45:32.626,CUSIP,91282CDJ7,99.304688,1000000,2000000,99.320312,1000000,2000000
12/26/2024 23:45:32.626,CUSIP,91282CFY2,99.304688,2000000,4000000,99.320312,2000000,4000000
12/26/2024 23:45:32.626,CUSIP,91282CLW9,99.304688,1000000,2000000,99.320312,1000000,2000000
12/26/2024 23:45:32.626,CUSIP,912810RJ9,99.312500,2000000,4000000,99.320312,2000000,4000000
12/26/2024 23:45:32.626,CUSIP,912810UE6,99.312500,1000000,2000000,99.320312,1000000,2000000
12/26/2024 23:45:32.626,CUSIP,912828YU8,99.312500,2000000,4000000,99.320312,2000000,4000000
12/26/2024 23:45:32.626,CUSIP,91282CAY7,99.312500,1000000,2000000,99.320312,1000000,2000000
12/26/2024 23:45:32.626,CUSIP,91282CDJ7,99.312500,2000000,4000000,99.320312,2000000,4000000
12/26/2024 23:45:32.626,CUSIP,91282CFY2,99.312500,1000000,2000000,99.320312,1000000,2000000
12/26/2024 23:45:32.626,CUSIP,91282CLW9,99.312500,2000000,4000000,99.320312,2000000,4000000
12/26/2024 23:45:32.626,CUSIP,912810RJ9,99.312500,1000000,2000000,99.328125,1000000,2000000
12/26/2024 23:45:32.626,CUSIP,912810UE6,99.312500,2000000,4000000,99.328125,2000000,4000000
12/26/2024 23:45:32.626,CUSIP,912828YU8,99.312500,1000000,2000000,99.328125,1000000,2000000
12/26/2024 23:45:32.626,CUSIP,91282CAY7,99.312500,2000000,4000000,99.328125,2000000,4000000
12/26/2024 23:45:32.626,CUSIP,91282CDJ7,99.312500,1000000,2000000,99.328125,1000000,2000000
12/26/2024 23:45:32.626,CUSIP,91282CFY2,99.312500,2000000,4000000,99.328125,2000000,4000000
12/26/2024 23:45:32.626,CUSIP,91282CLW9,99.312500,1000000,2000000,99.328125,1000000,2000000
12/26/2024 23:45:32.626,CUSIP,912810RJ9,99.320312,2000000,4000000,99.328125,2000000,4000000
12/26/2024 23:45:32.626,CUSIP,912810UE6,99.320312,1000000,2000000,99.328125,1000000,2000000
12/26/2024 23:45:32.626,CUSIP,912828YU8,99.320312,2000000,4000000,99.328125,2000000,4000000
12/26/2024 23:45:32.626,CUSIP,91282CAY7,99.320312,1000000,2000000,99.328125,1000000,2000000
12/26/2024 23:45:32.626,CUSIP,91282CDJ7,99.320312,2000000,4000000,99.328125,2000000,4000000
12/26/2024 23:45:32.626,CUSIP,91282CFY2,99.320312,1000000,2000000,99.328125,1000000,2000000
12/26/2024 23:45:32.626,CUSIP,91282CLW9,99.320312,2000000,4000000,99.328125,2000000,4000000
12/26/2024 23:45:32.626,CUSIP,912810RJ9,99.320312,1000000,2000000,99.335938,1000000,2000000
12/26/2024 23:45:32.626,CUSIP,912810UE6,99.320312,2000000,4000000,99.335938,2000000,4000000
12/26/2024 23:45:32.626,CUSIP,912828YU8,99.320312,1000000,2000000,99.335938,1000000,2000000
12/26/2024 23:45:32.626,CUSIP,91282CAY7,99.320312,2000000,4000000,99.335938,2000000,4000000
12/26/2024 23:45:32.626,CUSIP,91282CDJ7,99.320312,1000000,2000000,99.335938,1000000,2000000
12/26/2024 23:45:32.626,CUSIP,91282CFY2,99.320312,2000000,4000000,99.335938,2000000,4000000
12/26/2024 23:45:32.626,CUSIP,91282CLW9,99.320312,1000000,2000000,99.335938,1000000,2000000
12/26/2024 23:45:32.627,CUSIP,912810RJ9,99.328125,2000000,4000000,99.335938,2000000,4000000
12/26/2024 23:45:32.627,CUSIP,912810UE6,99.328125,1000000,2000000,99.335938,1000000,2000000
12/26/2024 23:45:32.627,CUSIP,912828YU8,99.328125,2000000,4000000,99.335938,2000000,4000000
12/26/2024 23:45:32.627,CUSIP,91282CAY7,99.328125,1000000,2000000,99.335938,1000000,2000000
12/26/2024 23:45:32.627,CUSIP,91282CDJ7,99.328125,2000000,4000000,99.335938,2000000,4000000
12/26/2024 23:45:32.627,CUSIP,91282CFY2,99.328125,1000000,2000000,99.335938,1000000,2000000
12/26/2024 23:45:32.627,CUSIP,91282CLW9,99.328125,2000000,4000000,99.335938,2000000,4000000
12/26/2024 23:45:32.627,CUSIP,912810RJ9,99.328125,1000000,2000000,99.343750,1000000,2000000
12/26/2024 23:45:32.627,CUSIP,912810UE6,99.328125,2000000,4000000,99.343750,2000000,4000000
12/26/2024 23:45:32.627,CUSIP,912828YU8,99.328125,1000000,2000000,99.343750,1000000,2000000
12/26/2024 23:45:32.627,CUSIP,91282CAY7,99.328125,2000000,4000000,99.343750,2000000,4000000
12/26/2024 23:45:32.627,CUSIP,91282CDJ7,99.328125,1000000,2000000,99.343750,1000000,2000000
12/26/2024 23:45:32.627,CUSIP,91282CFY2,99.328125,2000000,4000000,99.343750,2000000,4000000
12/26/2024 23:45:32.627,CUSIP,91282CLW9,99.328125,1000000,2000000,99.343750,1000000,2000000
12/26/2024 23:45:32.627,CUSIP,912810RJ9,99.335938,2000000,4000000,99.343750,2000000,4000000
12/26/2024 23:45:32.627,CUSIP,912810UE6,99.335938,1000000,2000000,99.343750,1000000,2000000
12/26/2024 23:45:32.627,CUSIP,912828YU8,99.335938,2000000,4000000,99.343750,2000000,4000000
12/26/2024 23:45:32.627,CUSIP,91282CAY7,99.335938,1000000,2000000,99.343750,1000000,2000000
12/26/2024 23:45:32.627,CUSIP,91282CDJ7,99.335938,2000000,4000000,99.343750,2000000,4000000
12/26/2024 23:45:32.627,CUSIP,91282CFY2,99.335938,1000000,2000000,99.343750,1000000,2000000
12/26/2024 23:45:32.627,CUSIP,91282CLW9,99.335938,2000000,4000000,99.343750,2000000,4000000
12/26/2024 23:45:32.627,CUSIP,912810RJ9,99.335938,1000000,2000000,99.351562,1000000,2000000
12/26/2024 23:45:32.627,CUSIP,912810UE6,99.335938,2000000,4000000,99.351562,2000000,4000000
12/26/2024 23:45:32.627,CUSIP,912828YU8,99.335938,1000000,2000000,99.351562,1000000,2000000
12/26/2024 23:45:32.627,CUSIP,91282CAY7,99.335938,2000000,4000000,99.351562,2000000,4000000
12/26/2024 23:45:32.627,CUSIP,91282CDJ7,99.335938,1000000,2000000,99.351562,1000000,2000000
12/26/2024 23:45:32.627,CUSIP,91282CFY2,99.335938,2000000,4000000,99.351562,2000000,4000000
12/26/2024 23:45:32.627,CUSIP,91282CLW9,99.335938,1000000,2000000,99.351562,1000000,2000000
12/26/2024 23:45:32.627,CUSIP,912810RJ9,99.343750,2000000,4000000,99.351562,2000000,4000000
12/26/2024 23:45:32.627,CUSIP,912810UE6,99.343750,1000000,2000000,99.351562,1000000,2000000
12/26/2024 23:45:32.627,CUSIP,912828YU8,99.343750,2000000,4000000,99.351562,2000000,4000000
12/26/2024 23:45:32.627,CUSIP,91282CAY7,99.343750,1000000,2000000,99.351562,1000000,2000000
12/26/2024 23:45:32.627,CUSIP,91282CDJ7,99.343750,2000000,4000000,99.351562,2000000,4000000
12/26/2024 23:45:32.627,CUSIP,91282CFY2,99.343750,1000000,2000000,99.351562,1000000,2000000
12/26/2024 23:45:32.627,CUSIP,91282CLW9,99.343750,2000000,4000000,99.351562,2000000,4000000
12/26/2024 23:45:32.627,CUSIP,912810RJ9,99.343750,1000000,2000000,99.359375,1000000,2000000
12/26/2024 23:45:32.627,CUSIP,912810UE6,99.343750,2000000,4000000,99.359375,2000000,4000000
12/26/2024 23:45:32.627,CUSIP,912828YU8,99.343750,1000000,2000000,99.359375,1000000,2000000
12/26/2024 23:45:32.627,CUSIP,91282CAY7,99.343750,2000000,4000000,99.359375,2000000,4000000
12/26/2024 23:45:32.627,CUSIP,91282CDJ7,99.343750,1000000,2000000,99.359375,1000000,2000000
12/26/2024 23:45:32.627,CUSIP,91282CFY2,99.343750,2000000,4000000,99.359375,2000000,4000000
12/26/2024 23:45:32.627,CUSIP,91282CLW9,99.343750,1000000,2000000,99.359375,1000000,2000000
12/26/2024 23:45:32.627,CUSIP,912810RJ9,99.351562,2000000,4000000,99.359375,2000000,4000000
12/26/2024 23:45:32.627,CUSIP,912810UE6,99.351562,1000000,2000000,99.359375,1000000,2000000
12/26/2024 23:45:32.627,CUSIP,912828YU8,99.351562,2000000,4000000,99.359375,2000000,4000000
12/26/2024 23:45:32.627,CUSIP,91282CAY7,99.351562,1000000,2000000,99.359375,1000000,2000000
12/26/2024 23:45:32.627,CUSIP,91282CDJ7,99.351562,2000000,4000000,99.359375,2000000,4000000
12/26/2024 23:45:32.627,CUSIP,91282CFY2,99.351562,1000000,2000000,99.359375,1000000,2000000
12/26/2024 23:45:32.627,CUSIP,91282CLW9,99.351562,2000000,4000000,99.359375,2000000,4000000
12/26/2024 23:45:32.627,CUSIP,912810RJ9,99.351562,1000000,2000000,99.367188,1000000,2000000
12/26/2024 23:45:32.627,CUSIP,912810UE6,99.351562,2000000,4000000,99.367188,2000000,4000000
12/26/2024 23:45:32.627,CUSIP,912828YU8,99.351562,1000000,2000000,99.367188,1000000,2000000
12/26/2024 23:45:32.627,CUSIP,91282CAY7,99.351562,2000000,4000000,99.367188,2000000,4000000
12/26/2024 23:45:32.627,CUSIP,91282CDJ7,99.351562,1000000,2000000,99.367188,1000000,2000000
12/26/2024 23:45:32.627,CUSIP,91282CFY2,99.351562,2000000,4000000,99.367188,2000000,4000000
12/26/2024 23:45:32.627,CUSIP,91282CLW9,99.351562,1000000,2000000,99.367188,1000000,2000000
12/26/2024 23:45:32.627,CUSIP,912810RJ9,99.359375,2000000,4000000,99.367188,2000000,4000000
12/26/2024 23:45:32.627,CUSIP,912810UE6,99.359375,1000000,2000000,99.367188,1000000,2000000
12/26/2024 23:45:32.627,CUSIP,912828YU8,99.359375,2000000,4000000,99.367188,2000000,4000000
12/26/2024 23:45:32.627,CUSIP,91282CAY7,99.359375,1000000,2000000,99.367188,1000000,2000000
12/26/2024 23:45:32.627,CUSIP,91282CDJ7,99.359375,2000000,4000000,99.367188,2000000,4000000
12/26/2024 23:45:32.627,CUSIP,91282CFY2,99.359375,1000000,2000000,99.367188,1000000,2000000
12/26/2024 23:45:32.627,CUSIP,91282CLW9,99.359375,2000000,4000000,99.367188,2000000,4000000
12/26/2024 23:45:32.627,CUSIP,912810RJ9,99.359375,1000000,2000000,99.375000,1000000,2000000
12/26/2024 23:45:32.627,CUSIP,912810UE6,99.359375,2000000,4000000,99.375000,2000000,4000000
12/26/2024 23:45:32.628,CUSIP,912828YU8,99.359375,1000000,2000000,99.375000,1000000,2000000
12/26/2024 23:45:32.628,CUSIP,91282CAY7,99.359375,2000000,4000000,99.375000,2000000,4000000
12/26/2024 23:45:32.628,CUSIP,91282CDJ7,99.359375,1000000,2000000,99.375000,1000000,2000000
12/26/2024 23:45:32.628,CUSIP,91282CFY2,99.359375,2000000,4000000,99.375000,2000000,4000000
12/26/2024 23:45:32.628,CUSIP,91282CLW9,99.359375,1000000,2000000,99.375000,1000000,2000000
12/26/2024 23:45:32.628,CUSIP,912810RJ9,99.367188,2000000,4000000,99.375000,2000000,4000000
12/26/2024 23:45:32.628,CUSIP,912810UE6,99.367188,1000000,2000000,99.375000,1000000,2000000
12/26/2024 23:45:32.628,CUSIP,912828YU8,99.367188,2000000,4000000,99.375000,2000000,4000000
12/26/2024 23:45:32.628,CUSIP,91282CAY7,99.367188,1000000,2000000,99.375000,1000000,2000000
12/26/2024 23:45:32.628,CUSIP,91282CDJ7,99.367188,2000000,4000000,99.375000,2000000,4000000
12/26/2024 23:45:32.628,CUSIP,91282CFY2,99.367188,1000000,2000000,99.375000,1000000,2000000
12/26/2024 23:45:32.628,CUSIP,91282CLW9,99.367188,2000000,4000000,99.375000,2000000,4000000
12/26/2024 23:45:32.628,CUSIP,912810RJ9,99.367188,1000000,2000000,99.382812,1000000,2000000
12/26/2024 23:45:32.628,CUSIP,912810UE6,99.367188,2000000,4000000,99.382812,2000000,4000000
12/26/2024 23:45:32.628,CUSIP,912828YU8,99.367188,1000000,2000000,99.382812,1000000,2000000
12/26/2024 23:45:32.628,CUSIP,91282CAY7,99.367188,2000000,4000000,99.382812,2000000,4000000
12/26/2024 23:45:32.628,CUSIP,91282CDJ7,99.367188,1000000,2000000,99.382812,1000000,2000000
12/26/2024 23:45:32.628,CUSIP,91282CFY2,99.367188,2000000,4000000,99.382812,2000000,4000000
12/26/2024 23:45:32.628,CUSIP,91282CLW9,99.367188,1000000,2000000,99.382812,1000000,2000000
12/26/2024 23:45:32.628,CUSIP,912810RJ9,99.375000,2000000,4000000,99.382812,2000000,4000000
12/26/2024 23:45:32.628,CUSIP,912810UE6,99.375000,1000000,2000000,99.382812,1000000,2000000
12/26/2024 23:45:32.628,CUSIP,912828YU8,99.375000,2000000,4000000,99.382812,2000000,4000000
12/26/2024 23:45:32.628,CUSIP,91282CAY7,99.375000,1000000,2000000,99.382812,1000000,2000000
12/26/2024 23:45:32.628,CUSIP,91282CDJ7,99.375000,2000000,4000000,99.382812,2000000,4000000
12/26/2024 23:45:32.628,CUSIP,91282CFY2,99.375000,1000000,2000000,99.382812,1000000,2000000
12/26/2024 23:45:32.628,CUSIP,91282CLW9,99.375000,2000000,4000000,99.382812,2000000,4000000
12/26/2024 23:45:32.628,CUSIP,912810RJ9,99.375000,1000000,2000000,99.390625,1000000,2000000
12/26/2024 23:45:32.628,CUSIP,912810UE6,99.375000,2000000,4000000,99.390625,2000000,4000000
12/26/2024 23:45:32.628,CUSIP,912828YU8,99.375000,1000000,2000000,99.390625,1000000,2000000
12/26/2024 23:45:32.628,CUSIP,91282CAY7,99.375000,2000000,4000000,99.390625,2000000,4000000
12/26/2024 23:45:32.628,CUSIP,91282CDJ7,99.375000,1000000,2000000,99.390625,1000000,2000000
12/26/2024 23:45:32.628,CUSIP,91282CFY2,99.375000,2000000,4000000,99.390625,2000000,4000000
12/26/2024 23:45:32.628,CUSIP,91282CLW9,99.375000,1000000,2000000,99.390625,1000000,2000000
12/26/2024 23:45:32.628,CUSIP,912810RJ9,99.382812,2000000,4000000,99.390625,2000000,4000000
12/26/2024 23:45:32.628,CUSIP,912810UE6,99.382812,1000000,2000000,99.390625,1000000,2000000
12/26/2024 23:45:32.628,CUSIP,912828YU8,99.382812,2000000,4000000,99.390625,2000000,4000000
12/26/2024 23:45:32.628,CUSIP,91282CAY7,99.382812,1000000,2000000,99.390625,1000000,2000000
12/26/2024 23:45:32.628,CUSIP,91282CDJ7,99.382812,2000000,4000000,99.390625,2000000,4000000
12/26/2024 23:45:32.628,CUSIP,91282CFY2,99.382812,1000000,2000000,99.390625,1000000,2000000
12/26/2024 23:45:32.628,CUSIP,91282CLW9,99.382812,2000000,4000000,99.390625,2000000,4000000
12/26/2024 23:45:32.628,CUSIP,912810RJ9,99.382812,1000000,2000000,99.398438,1000000,2000000
12/26/2024 23:45:32.628,CUSIP,912810UE6,99.382812,2000000,4000000,99.398438,2000000,4000000
12/26/2024 23:45:32.628,CUSIP,912828YU8,99.382812,1000000,2000000,99.398438,1000000,2000000
12/26/2024 23:45:32.628,CUSIP,91282CAY7,99.382812,2000000,4000000,99.398438,2000000,4000000
12/26/2024 23:45:32.628,CUSIP,91282CDJ7,99.382812,1000000,2000000,99.398438,1000000,2000000
12/26/2024 23:45:32.628,CUSIP,91282CFY2,99.382812,2000000,4000000,99.398438,2000000,4000000
12/26/2024 23:45:32.628,CUSIP,91282CLW9,99.382812,1000000,2000000,99.398438,1000000,2000000
12/26/2024 23:45:32.628,CUSIP,912810RJ9,99.390625,2000000,4000000,99.398438,2000000,4000000
12/26/2024 23:45:32.628,CUSIP,912810UE6,99.390625,1000000,2000000,99.398438,1000000,2000000
12/26/2024 23:45:32.628,CUSIP,912828YU8,99.390625,2000000,4000000,99.398438,2000000,4000000
12/26/2024 23:45:32.628,CUSIP,91282CAY7,99.390625,1000000,2000000,99.398438,1000000,2000000
12/26/2024 23:45:32.628,CUSIP,91282CDJ7,99.390625,2000000,4000000,99.398438,2000000,4000000
12/26/2024 23:45:32.628,CUSIP,91282CFY2,99.390625,1000000,2000000,99.398438,1000000,2000000
12/26/2024 23:45:32.628,CUSIP,91282CLW9,99.390625,2000000,4000000,99.398438,2000000,4000000
12/26/2024 23:45:32.628,CUSIP,912810RJ9,99.390625,1000000,2000000,99.406250,1000000,2000000
12/26/2024 23:45:32.628,CUSIP,912810UE6,99.390625,2000000,4000000,99.406250,2000000,4000000
12/26/2024 23:45:32.629,CUSIP,912828YU8,99.390625,1000000,2000000,99.406250,1000000,2000000
12/26/2024 23:45:32.629,CUSIP,91282CAY7,99.390625,2000000,4000000,99.406250,2000000,4000000
12/26/2024 23:45:32.629,CUSIP,91282CDJ7,99.390625,1000000,2000000,99.406250,1000000,2000000
12/26/2024 23:45:32.629,CUSIP,91282CFY2,99.390625,2000000,4000000,99.406250,2000000,4000000
12/26/2024 23:45:32.629,CUSIP,91282CLW9,99.390625,1000000,2000000,99.406250,1000000,2000000
12/26/2024 23:45:32.629,CUSIP,912810RJ9,99.398438,2000000,4000000,99.406250,2000000,4000000
12/26/2024 23:45:32.629,CUSIP,912810UE6,99.398438,1000000,2000000,99.406250,1000000,2000000
12/26/2024 23:45:32.629,CUSIP,912828YU8,99.398438,2000000,4000000,99.406250,2000000,4000000
12/26/2024 23:45:32.629,CUSIP,91282CAY7,99.398438,1000000,2000000,99.406250,1000000,2000000
12/26/2024 23:45:32.629,CUSIP,91282CDJ7,99.398438,2000000,4000000,99.406250,2000000,4000000
12/26/2024 23:45:32.629,CUSIP,91282CFY2,99.398438,1000000,2000000,99.406250,1000000,2000000
12/26/2024 23:45:32.629,CUSIP,91282CLW9,99.398438,2000000,4000000,99.406250,2000000,4000000
12/26/2024 23:45:32.629,CUSIP,912810RJ9,99.398438,1000000,2000000,99.414062,1000000,2000000
12/26/2024 23:45:32.629,CUSIP,912810UE6,99.398438,2000000,4000000,99.414062,2000000,4000000
12/26/2024 23:45:32.629,CUSIP,912828YU8,99.398438,1000000,2000000,99.414062,1000000,2000000
12/26/2024 23:45:32.629,CUSIP,91282CAY7,99.398438,2000000,4000000,99.414062,2000000,4000000
12/26/2024 23:45:32.629,CUSIP,91282CDJ7,99.398438,1000000,2000000,99.414062,1000000,2000000
12/26/2024 23:45:32.629,CUSIP,91282CFY2,99.398438,2000000,4000000,99.414062,2000000,4000000
12/26/2024 23:45:32.629,CUSIP,91282CLW9,99.398438,1000000,2000000,99.414062,1000000,2000000
12/26/2024 23:45:32.629,CUSIP,912810RJ9,99.406250,2000000,4000000,99.414062,2000000,4000000
12/26/2024 23:45:32.629,CUSIP,912810UE6,99.406250,1000000,2000000,99.414062,1000000,2000000
12/26/2024 23:45:32.629,CUSIP,912828YU8,99.406250,2000000,4000000,99.414062,2000000,4000000
12/26/2024 23:45:32.629,CUSIP,91282CAY7,99.406250,1000000,2000000,99.414062,1000000,2000000
12/26/2024 23:45:32.629,CUSIP,91282CDJ7,99.406250,2000000,4000000,99.414062,2000000,4000000
12/26/2024 23:45:32.629,CUSIP,91282CFY2,99.406250,1000000,2000000,99.414062,1000000,2000000
12/26/2024 23:45:32.629,CUSIP,91282CLW9,99.406250,2000000,4000000,99.414062,2000000,4000000
12/26/2024 23:45:32.629,CUSIP,912810RJ9,99.406250,1000000,2000000,99.421875,1000000,2000000
12/26/2024 23:45:32.629,CUSIP,912810UE6,99.406250,2000000,4000000,99.421875,2000000,4000000
12/26/2024 23:45:32.629,CUSIP,912828YU8,99.406250,1000000,2000000,99.421875,1000000,2000000
12/26/2024 23:45:32.629,CUSIP,91282CAY7,99.406250,2000000,4000000,99.421875,2000000,4000000
12/26/2024 23:45:32.629,CUSIP,91282CDJ7,99.406250,1000000,2000000,99.421875,1000000,2000000
12/26/2024 23:45:32.629,CUSIP,91282CFY2,99.406250,2000000,4000000,99.421875,2000000,4000000
12/26/2024 23:45:32.629,CUSIP,91282CLW9,99.406250,1000000,2000000,99.421875,1000000,2000000
12/26/2024 23:45:32.629,CUSIP,912810RJ9,99.414062,2000000,4000000,99.421875,2000000,4000000
12/26/2024 23:45:32.629,CUSIP,912810UE6,99.414062,1000000,2000000,99.421875,1000000,2000000
12/26/2024 23:45:32.629,CUSIP,912828YU8,99.414062,2000000,4000000,99.421875,2000000,4000000
12/26/2024 23:45:32.629,CUSIP,91282CAY7,99.414062,1000000,2000000,99.421875,1000000,2000000
12/26/2024 23:45:32.629,CUSIP,91282CDJ7,99.414062,2000000,4000000,99.421875,2000000,4000000
12/26/2024 23:45:32.629,CUSIP,91282CFY2,99.414062,1000000,2000000,99.421875,1000000,2000000
12/26/2024 23:45:32.629,CUSIP,91282CLW9,99.414062,2000000,4000000,99.421875,2000000,4000000
12/26/2024 23:45:32.629,CUSIP,912810RJ9,99.414062,1000000,2000000,99.429688,1000000,2000000
12/26/2024 23:45:32.629,CUSIP,912810UE6,99.414062,2000000,4000000,99.429688,2000000,4000000
12/26/2024 23:45:32.629,CUSIP,912828YU8,99.414062,1000000,2000000,99.429688,1000000,2000000
12/26/2024 23:45:32.629,CUSIP,91282CAY7,99.414062,2000000,4000000,99.429688,2000000,4000000
12/26/2024 23:45:32.629,CUSIP,91282CDJ7,99.414062,1000000,2000000,99.429688,1000000,2000000
12/26/2024 23:45:32.629,CUSIP,91282CFY2,99.414062,2000000,4000000,99.429688,2000000,4000000
12/26/2024 23:45:32.629,CUSIP,91282CLW9,99.414062,1000000,2000000,99.429688,1000000,2000000
12/26/2024 23:45:32.629,CUSIP,912810RJ9,99.421875,2000000,4000000,99.429688,2000000,4000000
12/26/2024 23:45:32.629,CUSIP,912810UE6,99.421875,1000000,2000000,99.429688,1000000,2000000
12/26/2024 23:45:32.629,CUSIP,912828YU8,99.421875,2000000,4000000,99.429688,2000000,4000000
12/26/2024 23:45:32.629,CUSIP,91282CAY7,99.421875,1000000,2000000,99.429688,1000000,2000000
12/26/2024 23:45:32.629,CUSIP,91282CDJ7,99.421875,2000000,4000000,99.429688,2000000,4000000
12/26/2024 23:45:32.629,CUSIP,91282CFY2,99.421875,1000000,2000000,99.429688,1000000,2000000
12/26/2024 23:45:32.629,CUSIP,91282CLW9,99.421875,2000000,4000000,99.429688,2000000,4000000
12/26/2024 23:45:32.629,CUSIP,912810RJ9,99.421875,1000000,2000000,99.437500,1000000,2000000
12/26/2024 23:45:32.629,CUSIP,912810UE6,99.421875,2000000,4000000,99.437500,2000000,4000000
12/26/2024 23:45:32.629,CUSIP,912828YU8,99.421875,1000000,2000000,99.437500,1000000,2000000
12/26/2024 23:45:32.629,CUSIP,91282CAY7,99.421875,2000000,4000000,99.437500,2000000,4000000
12/26/2024 23:45:32.629,CUSIP,91282CDJ7,99.421875,1000000,2000000,99.437500,1000000,2000000
12/26/2024 23:45:32.629,CUSIP,91282CFY2,99.421875,2000000,4000000,99.437500,2000000,4000000
12/26/2024 23:45:32.629,CUSIP,91282CLW9,99.421875,1000000,2000000,99.437500,1000000,2000000
12/26/2024 23:45:32.629,CUSIP,912810RJ9,99.429688,2000000,4000000,99.437500,2000000,4000000
12/26/2024 23:45:32.629,CUSIP,912810UE6,99.429688,1000000,2000000,99.437500,1000000,2000000
12/26/2024 23:45:32.629,CUSIP,912828YU8,99.429688,2000000,4000000,99.437500,2000000,4000000
12/26/2024 23:45:32.629,CUSIP,91282CAY7,99.429688,1000000,2000000,99.437500,1000000,2000000
12/26/2024 23:45:32.629,CUSIP,91282CDJ7,99.429688,2000000,4000000,99.437500,2000000,4000000
12/26/2024 23:45:32.629,CUSIP,91282CFY2,99.429688,1000000,2000000,99.437500,1000000,2000000
12/26/2024 23:45:32.629,CUSIP,91282CLW9,99.429688,2000000,4000000,99.437500,2000000,4000000
12/26/2024 23:45:32.629,CUSIP,912810RJ9,99.429688,1000000,2000000,99.445312,1000000,2000000
12/26/2024 23:45:32.629,CUSIP,912810UE6,99.429688,2000000,4000000,99.445312,2000000,4000000
12/26/2024 23:45:32.629,CUSIP,912828YU8,99.429688,1000000,2000000,99.445312,1000000,2000000
12/26/2024 23:45:32.629,CUSIP,91282CAY7,99.429688,2000000,4000000,99.445312,2000000,4000000
12/26/2024 23:45:32.629,CUSIP,91282CDJ7,99.429688,1000000,2000000,99.445312,1000000,2000000
12/26/2024 23:45:32.629,CUSIP,91282CFY2,99.429688,2000000,4000000,99.445312,2000000,4000000
12/26/2024 23:45:32.629,CUSIP,91282CLW9,99.429688,1000000,2000000,99.445312,1000000,2000000
12/26/2024 23:45:32.629,CUSIP,912810RJ9,99.437500,2000000,4000000,99.445312,2000000,4000000
12/26/2024 23:45:32.629,CUSIP,912810UE6,99.437500,1000000,2000000,99.445312,1000000,2000000
12/26/2024 23:45:32.629,CUSIP,912828YU8,99.437500,2000000,4000000,99.445312,2000000,4000000
12/26/2024 23:45:32.629,CUSIP,91282CAY7,99.437500,1000000,2000000,99.445312,1000000,2000000
12/26/2024 23:45:32.629,CUSIP,91282CDJ7,99.437500,2000000,4000000,99.445312,2000000,4000000
12/26/2024 23:45:32.629,CUSIP,91282CFY2,99.437500,1000000,2000000,99.445312,1000000,2000000
12/26/2024 23:45:32.630,CUSIP,91282CLW9,99.437500,2000000,4000000,99.445312,2000000,4000000
12/26/2024 23:45:32.630,CUSIP,912810RJ9,99.437500,1000000,2000000,99.453125,1000000,2000000
12/26/2024 23:45:32.630,CUSIP,912810UE6,99.437500,2000000,4000000,99.453125,2000000,4000000
12/26/2024 23:45:32.630,CUSIP,912828YU8,99.437500,1000000,2000000,99.453125,1000000,2000000
12/26/2024 23:45:32.630,CUSIP,91282CAY7,99.437500,2000000,4000000,99.453125,2000000,4000000
12/26/2024 23:45:32.630,CUSIP,91282CDJ7,99.437500,1000000,2000000,99.453125,1000000,2000000
12/26/2024 23:45:32.630,CUSIP,91282CFY2,99.437500,2000000,4000000,99.453125,2000000,4000000
12/26/2024 23:45:32.630,CUSIP,91282CLW9,99.437500,1000000,2000000,99.453125,1000000,2000000
12/26/2024 23:45:32.630,CUSIP,912810RJ9,99.445312,2000000,4000000,99.453125,2000000,4000000
12/26/2024 23:45:32.630,CUSIP,912810UE6,99.445312,1000000,2000000,99.453125,1000000,2000000
12/26/2024 23:45:32.630,CUSIP,912828YU8,99.445312,2000000,4000000,99.453125,2000000,4000000
12/26/2024 23:45:32.630,CUSIP,91282CAY7,99.445312,1000000,2000000,99.453125,1000000,2000000
12/26/2024 23:45:32.630,CUSIP,91282CDJ7,99.445312,2000000,4000000,99.453125,2000000,4000000
12/26/2024 23:45:32.630,CUSIP,91282CFY2,99.445312,1000000,2000000,99.453125,1000000,2000000
12/26/2024 23:45:32.630,CUSIP,91282CLW9,99.445312,2000000,4000000,99.453125,2000000,4000000
12/26/2024 23:45:32.630,CUSIP,912810RJ9,99.445312,1000000,2000000,99.460938,1000000,2000000
12/26/2024 23:45:32.630,CUSIP,912810UE6,99.445312,2000000,4000000,99.460938,2000000,4000000
12/26/2024 23:45:32.630,CUSIP,912828YU8,99.445312,1000000,2000000,99.460938,1000000,2000000
12/26/2024 23:45:32.630,CUSIP,91282CAY7,99.445312,2000000,4000000,99.460938,2000000,4000000
12/26/2024 23:45:32.630,CUSIP,91282CDJ7,99.445312,1000000,2000000,99.460938,1000000,2000000
12/26/2024 23:45:32.630,CUSIP,91282CFY2,99.445312,2000000,4000000,99.460938,2000000,4000000
12/26/2024 23:45:32.630,CUSIP,91282CLW9,99.445312,1000000,2000000,99.460938,1000000,2000000
12/26/2024 23:45:32.630,CUSIP,912810RJ9,99.453125,2000000,4000000,99.460938,2000000,4000000
12/26/2024 23:45:32.630,CUSIP,912810UE6,99.453125,1000000,2000000,99.460938,1000000,2000000
12/26/2024 23:45:32.630,CUSIP,912828YU8,99.453125,2000000,4000000,99.460938,2000000,4000000
12/26/2024 23:45:32.630,CUSIP,91282CAY7,99.453125,1000000,2000000,99.460938,1000000,2000000
12/26/2024 23:45:32.630,CUSIP,91282CDJ7,99.453125,2000000,4000000,99.460938,2000000,4000000
12/26/2024 23:45:32.630,CUSIP,91282CFY2,99.453125,1000000,2000000,99.460938,1000000,2000000
12/26/2024 23:45:32.630,CUSIP,91282CLW9,99.453125,2000000,4000000,99.460938,2000000,4000000
12/26/2024 23:45:32.630,CUSIP,912810RJ9,99.453125,1000000,2000000,99.468750,1000000,2000000
12/26/2024 23:45:32.630,CUSIP,912810UE6,99.453125,2000000,4000000,99.468750,2000000,4000000
12/26/2024 23:45:32.630,CUSIP,912828YU8,99.453125,1000000,2000000,99.468750,1000000,2000000
12/26/2024 23:45:32.630,CUSIP,91282CAY7,99.453125,2000000,4000000,99.468750,2000000,4000000
12/26/2024 23:45:32.630,CUSIP,91282CDJ7,99.453125,1000000,2000000,99.468750,1000000,2000000
12/26/2024 23:45:32.630,CUSIP,91282CFY2,99.453125,2000000,4000000,99.468750,2000000,4000000
12/26/2024 23:45:32.630,CUSIP,91282CLW9,99.453125,1000000,2000000,99.468750,1000000,2000000
12/26/2024 23:45:32.630,CUSIP,912810RJ9,99.460938,2000000,4000000,99.468750,2000000,4000000
12/26/2024 23:45:32.630,CUSIP,912810UE6,99.460938,1000000,2000000,99.468750,1000000,2000000
12/26/2024 23:45:32.630,CUSIP,912828YU8,99.460938,2000000,4000000,99.468750,2000000,4000000
12/26/2024 23:45:32.630,CUSIP,91282CAY7,99.460938,1000000,2000000,99.468750,1000000,2000000
12/26/2024 23:45:32.630,CUSIP,91282CDJ7,99.460938,2000000,4000000,99.468750,2000000,4000000
12/26/2024 23:45:32.630,CUSIP,91282CFY2,99.460938,1000000,2000000,99.468750,1000000,2000000
12/26/2024 23:45:32.630,CUSIP,91282CLW9,99.460938,2000000,4000000,99.468750,2000000,4000000
12/26/2024 23:45:32.630,CUSIP,912810RJ9,99.460938,1000000,2000000,99.476562,1000000,2000000
12/26/2024 23:45:32.630,CUSIP,912810UE6,99.460938,2000000,4000000,99.476562,2000000,4000000
12/26/2024 23:45:32.630,CUSIP,912828YU8,99.460938,1000000,2000000,99.476562,1000000,2000000
12/26/2024 23:45:32.630,CUSIP,91282CAY7,99.460938,2000000,4000000,99.476562,2000000,4000000
12/26/2024 23:45:32.630,CUSIP,91282CDJ7,99.460938,1000000,2000000,99.476562,1000000,2000000
12/26/2024 23:45:32.630,CUSIP,91282CFY2,99.460938,2000000,4000000,99.476562,2000000,4000000
12/26/2024 23:45:32.631,CUSIP,91282CLW9,99.460938,1000000,2000000,99.476562,1000000,2000000
12/26/2024 23:45:32.631,CUSIP,912810RJ9,99.468750,2000000,4000000,99.476562,2000000,4000000
12/26/2024 23:45:32.631,CUSIP,912810UE6,99.468750,1000000,2000000,99.476562,1000000,2000000
12/26/2024 23:45:32.631,CUSIP,912828YU8,99.468750,2000000,4000000,99.476562,2000000,4000000
12/26/2024 23:45:32.631,CUSIP,91282CAY7,99.468750,1000000,2000000,99.476562,1000000,2000000
12/26/2024 23:45:32.631,CUSIP,91282CDJ7,99.468750,2000000,4000000,99.476562,2000000,4000000
12/26/2024 23:45:32.631,CUSIP,91282CFY2,99.468750,1000000,2000000,99.476562,1000000,2000000
12/26/2024 23:45:32.631,CUSIP,91282CLW9,99.468750,2000000,4000000,99.476562,2000000,4000000
12/26/2024 23:45:32.631,CUSIP,912810RJ9,99.468750,1000000,2000000,99.484375,1000000,2000000
12/26/2024 23:45:32.631,CUSIP,912810UE6,99.468750,2000000,4000000,99.484375,2000000,4000000
12/26/2024 23:45:32.631,CUSIP,912828YU8,99.468750,1000000,2000000,99.484375,1000000,2000000
12/26/2024 23:45:32.631,CUSIP,91282CAY7,99.468750,2000000,4000000,99.484375,2000000,4000000
12/26/2024 23:45:32.631,CUSIP,91282CDJ7,99.468750,1000000,2000000,99.484375,1000000,2000000
12/26/2024 23:45:32.631,CUSIP,91282CFY2,99.468750,2000000,4000000,99.484375,2000000,4000000
12/26/2024 23:45:32.631,CUSIP,91282CLW9,99.468750,1000000,2000000,99.484375,1000000,2000000
12/26/2024 23:45:32.631,CUSIP,912810RJ9,99.476562,2000000,4000000,99.484375,2000000,4000000
12/26/2024 23:45:32.631,CUSIP,912810UE6,99.476562,1000000,2000000,99.484375,1000000,2000000
12/26/2024 23:45:32.631,CUSIP,912828YU8,99.476562,2000000,4000000,99.484375,2000000,4000000
12/26/2024 23:45:32.631,CUSIP,91282CAY7,99.476562,1000000,2000000,99.484375,1000000,2000000
12/26/2024 23:45:32.631,CUSIP,91282CDJ7,99.476562,2000000,4000000,99.484375,2000000,4000000
12/26/2024 23:45:32.631,CUSIP,91282CFY2,99.476562,1000000,2000000,99.484375,1000000,2000000
12/26/2024 23:45:32.631,CUSIP,91282CLW9,99.476562,2000000,4000000,99.484375,2000000,4000000
12/26/2024 23:45:32.631,CUSIP,912810RJ9,99.476562,1000000,2000000,99.492188,1000000,2000000
12/26/2024 23:45:32.631,CUSIP,912810UE6,99.476562,2000000,4000000,99.492188,2000000,4000000
12/26/2024 23:45:32.631,CUSIP,912828YU8,99.476562,1000000,2000000,99.492188,1000000,2000000
12/26/2024 23:45:32.631,CUSIP,91282CAY7,99.476562,2000000,4000000,99.492188,2000000,4000000
12/26/2024 23:45:32.631,CUSIP,91282CDJ7,99.476562,1000000,2000000,99.492188,1000000,2000000
12/26/2024 23:45:32.631,CUSIP,91282CFY2,99.476562,2000000,4000000,99.492188,2000000,4000000
12/26/2024 23:45:32.631,CUSIP,91282CLW9,99.476562,1000000,2000000,99.492188,1000000,2000000
12/26/2024 23:45:32.631,CUSIP,912810RJ9,99.484375,2000000,4000000,99.492188,2000000,4000000
12/26/2024 23:45:32.631,CUSIP,912810UE6,99.484375,1000000,2000000,99.492188,1000000,2000000
12/26/2024 23:45:32.631,CUSIP,912828YU8,99.484375,2000000,4000000,99.492188,2000000,4000000
12/26/2024 23:45:32.631,CUSIP,91282CAY7,99.484375,1000000,2000000,99.492188,1000000,2000000
12/26/2024 23:45:32.631,CUSIP,91282CDJ7,99.484375,2000000,4000000,99.492188,2000000,4000000
12/26/2024 23:45:32.631,CUSIP,91282CFY2,99.484375,1000000,2000000,99.492188,1000000,2000000
12/26/2024 23:45:32.631,CUSIP,91282CLW9,99.484375,2000000,4000000,99.492188,2000000,4000000
12/26/2024 23:45:32.631,CUSIP,912810RJ9,99.484375,1000000,2000000,99.500000,1000000,2000000
12/26/2024 23:45:32.631,CUSIP,912810UE6,99.484375,2000000,4000000,99.500000,2000000,4000000
12/26/2024 23:45:32.631,CUSIP,912828YU8,99.484375,1000000,2000000,99.500000,1000000,2000000
12/26/2024 23:45:32.631,CUSIP,91282CAY7,99.484375,2000000,4000000,99.500000,2000000,4000000
12/26/2024 23:45:32.631,CUSIP,91282CDJ7,99.484375,1000000,2000000,99.500000,1000000,2000000
12/26/2024 23:45:32.631,CUSIP,91282CFY2,99.484375,2000000,4000000,99.500000,2000000,4000000
12/26/2024 23:45:32.631,CUSIP,91282CLW9,99.484375,1000000,2000000,99.500000,1000000,2000000
12/26/2024 23:45:32.631,CUSIP,912810RJ9,99.492188,2000000,4000000,99.500000,2000000,4000000
12/26/2024 23:45:32.632,CUSIP,912810UE6,99.492188,1000000,2000000,99.500000,1000000,2000000
12/26/2024 23:45:32.632,CUSIP,912828YU8,99.492188,2000000,4000000,99.500000,2000000,4000000
12/26/2024 23:45:32.632,CUSIP,91282CAY7,99.492188,1000000,2000000,99.500000,1000000,2000000
12/26/2024 23:45:32.632,CUSIP,91282CDJ7,99.492188,2000000,4000000,99.500000,2000000,4000000
12/26/2024 23:45:32.632,CUSIP,91282CFY2,99.492188,1000000,2000000,99.500000,1000000,2000000
12/26/2024 23:45:32.632,CUSIP,91282CLW9,99.492188,2000000,4000000,99.500000,2000000,4000000
12/26/2024 23:45:32.632,CUSIP,912810RJ9,99.492188,1000000,2000000,99.507812,1000000,2000000
12/26/2024 23:45:32.632,CUSIP,912810UE6,99.492188,2000000,4000000,99.507812,2000000,4000000
12/26/2024 23:45:32.632,CUSIP,912828YU8,99.492188,1000000,2000000,99.507812,1000000,2000000
12/26/2024 23:45:32.632,CUSIP,91282CAY7,99.492188,2000000,4000000,99.507812,2000000,4000000
12/26/2024 23:45:32.632,CUSIP,91282CDJ7,99.492188,1000000,2000000,99.507812,1000000,2000000
12/26/2024 23:45:32.632,CUSIP,91282CFY2,99.492188,2000000,4000000,99.507812,2000000,4000000
12/26/2024 23:45:32.632,CUSIP,91282CLW9,99.492188,1000000,2000000,99.507812,1000000,2000000
12/26/2024 23:45:32.632,CUSIP,912810RJ9,99.500000,2000000,4000000,99.507812,2000000,4000000
12/26/2024 23:45:32.632,CUSIP,912810UE6,99.500000,1000000,2000000,99.507812,1000000,2000000
12/26/2024 23:45:32.632,CUSIP,912828YU8,99.500000,2000000,4000000,99.507812,2000000,4000000
12/26/2024 23:45:32.632,CUSIP,91282CAY7,99.500000,1000000,2000000,99.507812,1000000,2000000
12/26/2024 23:45:32.632,CUSIP,91282CDJ7,99.500000,2000000,4000000,99.507812,2000000,4000000
12/26/2024 23:45:32.632,CUSIP,91282CFY2,99.500000,1000000,2000000,99.507812,1000000,2000000
12/26/2024 23:45:32.632,CUSIP,91282CLW9,99.500000,2000000,4000000,99.507812,2000000,4000000
12/26/2024 23:45:32.632,CUSIP,912810RJ9,99.500000,1000000,2000000,99.515625,1000000,2000000
12/26/2024 23:45:32.632,CUSIP,912810UE6,99.500000,2000000,4000000,99.515625,2000000,4000000
12/26/2024 23:45:32.632,CUSIP,912828YU8,99.500000,1000000,2000000,99.515625,1000000,2000000
12/26/2024 23:45:32.632,CUSIP,91282CAY7,99.500000,2000000,4000000,99.515625,2000000,4000000
12/26/2024 23:45:32.632,CUSIP,91282CDJ7,99.500000,1000000,2000000,99.515625,1000000,2000000
12/26/2024 23:45:32.632,CUSIP,91282CFY2,99.500000,2000000,4000000,99.515625,2000000,4000000
12/26/2024 23:45:32.632,CUSIP,91282CLW9,99.500000,1000000,2000000,99.515625,1000000,2000000
12/26/2024 23:45:32.632,CUSIP,912810RJ9,99.507812,2000000,4000000,99.515625,2000000,4000000
12/26/2024 23:45:32.632,CUSIP,912810UE6,99.507812,1000000,2000000,99.515625,1000000,2000000
12/26/2024 23:45:32.632,CUSIP,912828YU8,99.507812,2000000,4000000,99.515625,2000000,4000000
12/26/2024 23:45:32.632,CUSIP,91282CAY7,99.507812,1000000,2000000,99.515625,1000000,2000000
12/26/2024 23:45:32.632,CUSIP,91282CDJ7,99.507812,2000000,4000000,99.515625,2000000,4000000
12/26/2024 23:45:32.632,CUSIP,91282CFY2,99.507812,1000000,2000000,99.515625,1000000,2000000
12/26/2024 23:45:32.632,CUSIP,91282CLW9,99.507812,2000000,4000000,99.515625,2000000,4000000
12/26/2024 23:45:32.632,CUSIP,912810RJ9,99.507812,1000000,2000000,99.523438,1000000,2000000
12/26/2024 23:45:32.632,CUSIP,912810UE6,99.507812,2000000,4000000,99.523438,2000000,4000000
12/26/2024 23:45:32.632,CUSIP,912828YU8,99.507812,1000000,2000000,99.523438,1000000,2000000
12/26/2024 23:45:32.632,CUSIP,91282CAY7,99.507812,2000000,4000000,99.523438,2000000,4000000
12/26/2024 23:45:32.632,CUSIP,91282CDJ7,99.507812,1000000,2000000,99.523438,1000000,2000000
12/26/2024 23:45:32.632,CUSIP,91282CFY2,99.507812,2000000,4000000,99.523438,2000000,4000000
12/26/2024 23:45:32.632,CUSIP,91282CLW9,99.507812,1000000,2000000,99.523438,1000000,2000000
12/26/2024 23:45:32.632,CUSIP,912810RJ9,99.515625,2000000,4000000,99.523438,2000000,4000000
12/26/2024 23:45:32.632,CUSIP,912810UE6,99.515625,1000000,2000000,99.523438,1000000,2000000
12/26/2024 23:45:32.632,CUSIP,912828YU8,99.515625,2000000,4000000,99.523438,2000000,4000000
12/26/2024 23:45:32.632,CUSIP,91282CAY7,99.515625,1000000,2000000,99.523438,1000000,2000000
12/26/2024 23:45:32.632,CUSIP,91282CDJ7,99.515625,2000000,4000000,99.523438,2000000,4000000
12/26/2024 23:45:32.632,CUSIP,91282CFY2,99.515625,1000000,2000000,99.523438,1000000,2000000
12/26/2024 23:45:32.632,CUSIP,91282CLW9,99.515625,2000000,4000000,99.523438,2000000,4000000
12/26/2024 23:45:32.632,CUSIP,912810RJ9,99.515625,1000000,2000000,99.531250,1000000,2000000
12/26/2024 23:45:32.632,CUSIP,912810UE6,99.515625,2000000,4000000,99.531250,2000000,4000000
12/26/2024 23:45:32.632,CUSIP,912828YU8,99.515625,1000000,2000000,99.531250,1000000,2000000
12/26/2024 23:45:32.632,CUSIP,91282CAY7,99.515625,2000000,4000000,99.531250,2000000,4000000
12/26/2024 23:45:32.632,CUSIP,91282CDJ7,99.515625,1000000,2000000,99.531250,1000000,2000000
12/26/2024 23:45:32.632,CUSIP,91282CFY2,99.515625,2000000,4000000,99.531250,2000000,4000000
12/26/2024 23:45:32.632,CUSIP,91282CLW9,99.515625,1000000,2000000,99.531250,1000000,2000000
12/26/2024 23:45:32.632,CUSIP,912810RJ9,99.523438,2000000,4000000,99.531250,2000000,4000000
12/26/2024 23:45:32.632,CUSIP,912810UE6,99.523438,1000000,2000000,99.531250,1000000,2000000
12/26/2024 23:45:32.632,CUSIP,912828YU8,99.523438,2000000,4000000,99.531250,2000000,4000000
12/26/2024 23:45:32.632,CUSIP,91282CAY7,99.523438,1000000,2000000,99.531250,1000000,2000000
12/26/2024 23:45:32.632,CUSIP,91282CDJ7,99.523438,2000000,4000000,99.531250,2000000,4000000
12/26/2024 23:45:32.632,CUSIP,91282CFY2,99.523438,1000000,2000000,99.531250,1000000,2000000
12/26/2024 23:45:32.632,CUSIP,91282CLW9,99.523438,2000000,4000000,99.531250,2000000,4000000
12/26/2024 23:45:32.632,CUSIP,912810RJ9,99.523438,1000000,2000000,99.539062,1000000,2000000
12/26/2024 23:45:32.632,CUSIP,912810UE6,99.523438,2000000,4000000,99.539062,2000000,4000000
12/26/2024 23:45:32.632,CUSIP,912828YU8,99.523438,1000000,2000000,99.539062,1000000,2000000
12/26/2024 23:45:32.632,CUSIP,91282CAY7,99.523438,2000000,4000000,99.539062,2000000,4000000
12/26/2024 23:45:32.632,CUSIP,91282CDJ7,99.523438,1000000,2000000,99.539062,1000000,2000000
12/26/2024 23:45:32.632,CUSIP,91282CFY2,99.523438,2000000,4000000,99.539062,2000000,4000000
12/26/2024 23:45:32.632,CUSIP,91282CLW9,99.523438,1000000,2000000,99.539062,1000000,2000000
12/26/2024 23:45:32.632,CUSIP,912810RJ9,99.531250,2000000,4000000,99.539062,2000000,4000000
12/26/2024 23:45:32.632,CUSIP,912810UE6,99.531250,1000000,2000000,99.539062,1000000,2000000
12/26/2024 23:45:32.632,CUSIP,912828YU8,99.531250,2000000,4000000,99.539062,2000000,4000000
12/26/2024 23:45:32.632,CUSIP,91282CAY7,99.531250,1000000,2000000,99.539062,1000000,2000000
12/26/2024 23:45:32.632,CUSIP,91282CDJ7,99.531250,2000000,4000000,99.539062,2000000,4000000
12/26/2024 23:45:32.632,CUSIP,91282CFY2,99.531250,1000000,2000000,99.539062,1000000,2000000
12/26/2024 23:45:32.632,CUSIP,91282CLW9,99.531250,2000000,4000000,99.539062,2000000,4000000
12/26/2024 23:45:32.632,CUSIP,912810RJ9,99.531250,1000000,2000000,99.546875,1000000,2000000
12/26/2024 23:45:32.633,CUSIP,912810UE6,99.531250,2000000,4000000,99.546875,2000000,4000000
12/26/2024 23:45:32.633,CUSIP,912828YU8,99.531250,1000000,2000000,99.546875,1000000,2000000
12/26/2024 23:45:32.633,CUSIP,91282CAY7,99.531250,2000000,4000000,99.546875,2000000,4000000
12/26/2024 23:45:32.633,CUSIP,91282CDJ7,99.531250,1000000,2000000,99.546875,1000000,2000000
12/26/2024 23:45:32.633,CUSIP,91282CFY2,99.531250,2000000,4000000,99.546875,2000000,4000000
12/26/2024 23:45:32.633,CUSIP,91282CLW9,99.531250,1000000,2000000,99.546875,1000000,2000000
12/26/2024 23:45:32.633,CUSIP,912810RJ9,99.539062,2000000,4000000,99.546875,2000000,4000000
12/26/2024 23:45:32.633,CUSIP,912810UE6,99.539062,1000000,2000000,99.546875,1000000,2000000
12/26/2024 23:45:32.633,CUSIP,912828YU8,99.539062,2000000,4000000,99.546875,2000000,4000000
12/26/2024 23:45:32.633,CUSIP,91282CAY7,99.539062,1000000,2000000,99.546875,1000000,2000000
12/26/2024 23:45:32.633,CUSIP,91282CDJ7,99.539062,2000000,4000000,99.546875,2000000,4000000
12/26/2024 23:45:32.633,CUSIP,91282CFY2,99.539062,1000000,2000000,99.546875,1000000,2000000
12/26/2024 23:45:32.633,CUSIP,91282CLW9,99.539062,2000000,4000000,99.546875,2000000,4000000
12/26/2024 23:45:32.633,CUSIP,912810RJ9,99.539062,1000000,2000000,99.554688,1000000,2000000
12/26/2024 23:45:32.633,CUSIP,912810UE6,99.539062,2000000,4000000,99.554688,2000000,4000000
12/26/2024 23:45:32.633,CUSIP,912828YU8,99.539062,1000000,2000000,99.554688,1000000,2000000
12/26/2024 23:45:32.633,CUSIP,91282CAY7,99.539062,2000000,4000000,99.554688,2000000,4000000
12/26/2024 23:45:32.633,CUSIP,91282CDJ7,99.539062,1000000,2000000,99.554688,1000000,2000000
12/26/2024 23:45:32.633,CUSIP,91282CFY2,99.539062,2000000,4000000,99.554688,2000000,4000000
12/26/2024 23:45:32.633,CUSIP,91282CLW9,99.539062,1000000,2000000,99.554688,1000000,2000000
12/26/2024 23:45:32.633,CUSIP,912810RJ9,99.546875,2000000,4000000,99.554688,2000000,4000000
12/26/2024 23:45:32.633,CUSIP,912810UE6,99.546875,1000000,2000000,99.554688,1000000,2000000
12/26/2024 23:45:32.633,CUSIP,912828YU8,99.546875,2000000,4000000,99.554688,2000000,4000000
12/26/2024 23:45:32.633,CUSIP,91282CAY7,99.546875,1000000,2000000,99.554688,1000000,2000000
12/26/2024 23:45:32.633,CUSIP,91282CDJ7,99.546875,2000000,4000000,99.554688,2000000,4000000
12/26/2024 23:45:32.633,CUSIP,91282CFY2,99.546875,1000000,2000000,99.554688,1000000,2000000
12/26/2024 23:45:32.633,CUSIP,91282CLW9,99.546875,2000000,4000000,99.554688,2000000,4000000
12/26/2024 23:45:32.633,CUSIP,912810RJ9,99.546875,1000000,2000000,99.562500,1000000,2000000
12/26/2024 23:45:32.633,CUSIP,912810UE6,99.546875,2000000,4000000,99.562500,2000000,4000000
12/26/2024 23:45:32.633,CUSIP,912828YU8,99.546875,1000000,2000000,99.562500,1000000,2000000
12/26/2024 23:45:32.633,CUSIP,91282CAY7,99.546875,2000000,4000000,99.562500,2000000,4000000
12/26/2024 23:45:32.633,CUSIP,91282CDJ7,99.546875,1000000,2000000,99.562500,1000000,2000000
12/26/2024 23:45:32.633,CUSIP,91282CFY2,99.546875,2000000,4000000,99.562500,2000000,4000000
12/26/2024 23:45:32.633,CUSIP,91282CLW9,99.546875,1000000,2000000,99.562500,1000000,2000000
12/26/2024 23:45:32.633,CUSIP,912810RJ9,99.554688,2000000,4000000,99.562500,2000000,4000000
12/26/2024 23:45:32.633,CUSIP,912810UE6,99.554688,1000000,2000000,99.562500,1000000,2000000
12/26/2024 23:45:32.633,CUSIP,912828YU8,99.554688,2000000,4000000,99.562500,2000000,4000000
12/26/2024 23:45:32.633,CUSIP,91282CAY7,99.554688,1000000,2000000,99.562500,1000000,2000000
12/26/2024 23:45:32.633,CUSIP,91282CDJ7,99.554688,2000000,4000000,99.562500,2000000,4000000
12/26/2024 23:45:32.633,CUSIP,91282CFY2,99.554688,1000000,2000000,99.562500,1000000,2000000
12/26/2024 23:45:32.633,CUSIP,91282CLW9,99.554688,2000000,4000000,99.562500,2000000,4000000
12/26/2024 23:45:32.633,CUSIP,912810RJ9,99.554688,1000000,2000000,99.570312,1000000,2000000
12/26/2024 23:45:32.633,CUSIP,912810UE6,99.554688,2000000,4000000,99.570312,2000000,4000000
12/26/2024 23:45:32.633,CUSIP,912828YU8,99.554688,1000000,2000000,99.570312,1000000,2000000
12/26/2024 23:45:32.633,CUSIP,91282CAY7,99.554688,2000000,4000000,99.570312,2000000,4000000
12/26/2024 23:45:32.633,CUSIP,91282CDJ7,99.554688,1000000,2000000,99.570312,1000000,2000000
12/26/2024 23:45:32.633,CUSIP,91282CFY2,99.554688,2000000,4000000,99.570312,2000000,4000000
12/26/2024 23:45:32.633,CUSIP,91282CLW9,99.554688,1000000,2000000,99.570312,1000000,2000000
12/26/2024 23:45:32.633,CUSIP,912810RJ9,99.562500,2000000,4000000,99.570312,2000000,4000000
12/26/2024 23:45:32.633,CUSIP,912810UE6,99.562500,1000000,2000000,99.570312,1000000,2000000
12/26/2024 23:45:32.633,CUSIP,912828YU8,99.562500,2000000,4000000,99.570312,2000000,4000000
12/26/2024 23:45:32.633,CUSIP,91282CAY7,99.562500,1000000,2000000,99.570312,1000000,2000000
12/26/2024 23:45:32.633,CUSIP,91282CDJ7,99.562500,2000000,4000000,99.570312,2000000,4000000
12/26/2024 23:45:32.633,CUSIP,91282CFY2,99.562500,1000000,2000000,99.570312,1000000,2000000
12/26/2024 23:45:32.633,CUSIP,91282CLW9,99.562500,2000000,4000000,99.570312,2000000,4000000
12/26/2024 23:45:32.633,CUSIP,912810RJ9,99.562500,1000000,2000000,99.578125,1000000,2000000
12/26/2024 23:45:32.633,CUSIP,912810UE6,99.562500,2000000,4000000,99.578125,2000000,4000000
12/26/2024 23:45:32.634,CUSIP,912828YU8,99.562500,1000000,2000000,99.578125,1000000,2000000
12/26/2024 23:45:32.634,CUSIP,91282CAY7,99.562500,2000000,4000000,99.578125,2000000,4000000
12/26/2024 23:45:32.634,CUSIP,91282CDJ7,99.562500,1000000,2000000,99.578125,1000000,2000000
12/26/2024 23:45:32.634,CUSIP,91282CFY2,99.562500,2000000,4000000,99.578125,2000000,4000000
12/26/2024 23:45:32.634,CUSIP,91282CLW9,99.562500,1000000,2000000,99.578125,1000000,2000000
12/26/2024 23:45:32.634,CUSIP,912810RJ9,99.570312,2000000,4000000,99.578125,2000000,4000000
12/26/2024 23:45:32.634,CUSIP,912810UE6,99.570312,1000000,2000000,99.578125,1000000,2000000
12/26/2024 23:45:32.634,CUSIP,912828YU8,99.570312,2000000,4000000,99.578125,2000000,4000000
12/26/2024 23:45:32.634,CUSIP,91282CAY7,99.570312,1000000,2000000,99.578125,1000000,2000000
12/26/2024 23:45:32.634,CUSIP,91282CDJ7,99.570312,2000000,4000000,99.578125,2000000,4000000
12/26/2024 23:45:32.634,CUSIP,91282CFY2,99.570312,1000000,2000000,99.578125,1000000,2000000
12/26/2024 23:45:32.634,CUSIP,91282CLW9,99.570312,2000000,4000000,99.578125,2000000,4000000
12/26/2024 23:45:32.634,CUSIP,912810RJ9,99.570312,1000000,2000000,99.585938,1000000,2000000
12/26/2024 23:45:32.634,CUSIP,912810UE6,99.570312,2000000,4000000,99.585938,2000000,4000000
12/26/2024 23:45:32.634,CUSIP,912828YU8,99.570312,1000000,2000000,99.585938,1000000,2000000
12/26/2024 23:45:32.634,CUSIP,91282CAY7,99.570312,2000000,4000000,99.585938,2000000,4000000
12/26/2024 23:45:32.634,CUSIP,91282CDJ7,99.570312,1000000,2000000,99.585938,1000000,2000000
12/26/2024 23:45:32.634,CUSIP,91282CFY2,99.570312,2000000,4000000,99.585938,2000000,4000000
12/26/2024 23:45:32.634,CUSIP,91282CLW9,99.570312,1000000,2000000,99.585938,1000000,2000000
12/26/2024 23:45:32.634,CUSIP,912810RJ9,99.578125,2000000,4000000,99.585938,2000000,4000000
12/26/2024 23:45:32.634,CUSIP,912810UE6,99.578125,1000000,2000000,99.585938,1000000,2000000
12/26/2024 23:45:32.634,CUSIP,912828YU8,99.578125,2000000,4000000,99.585938,2000000,4000000
12/26/2024 23:45:32.634,CUSIP,91282CAY7,99.578125,1000000,2000000,99.585938,1000000,2000000
12/26/2024 23:45:32.634,CUSIP,91282CDJ7,99.578125,2000000,4000000,99.585938,2000000,4000000
12/26/2024 23:45:32.634,CUSIP,91282CFY2,99.578125,1000000,2000000,99.585938,1000000,2000000
12/26/2024 23:45:32.634,CUSIP,91282CLW9,99.578125,2000000,4000000,99.585938,2000000,4000000
12/26/2024 23:45:32.634,CUSIP,912810RJ9,99.578125,1000000,2000000,99.593750,1000000,2000000
12/26/2024 23:45:32.634,CUSIP,912810UE6,99.578125,2000000,4000000,99.593750,2000000,4000000
12/26/2024 23:45:32.634,CUSIP,912828YU8,99.578125,1000000,2000000,99.593750,1000000,2000000
12/26/2024 23:45:32.634,CUSIP,91282CAY7,99.578125,2000000,4000000,99.593750,2000000,4000000
12/26/2024 23:45:32.634,CUSIP,91282CDJ7,99.578125,1000000,2000000,99.593750,1000000,2000000
12/26/2024 23:45:32.634,CUSIP,91282CFY2,99.578125,2000000,4000000,99.593750,2000000,4000000
12/26/2024 23:45:32.634,CUSIP,91282CLW9,99.578125,1000000,2000000,99.593750,1000000,2000000
12/26/2024 23:45:32.634,CUSIP,912810RJ9,99.585938,2000000,4000000,99.593750,2000000,4000000
12/26/2024 23:45:32.634,CUSIP,912810UE6,99.585938,1000000,2000000,99.593750,1000000,2000000
12/26/2024 23:45:32.634,CUSIP,912828YU8,99.585938,2000000,4000000,99.593750,2000000,4000000
12/26/2024 23:45:32.634,CUSIP,91282CAY7,99.585938,1000000,2000000,99.593750,1000000,2000000
12/26/2024 23:45:32.634,CUSIP,91282CDJ7,99.585938,2000000,4000000,99.593750,2000000,4000000
12/26/2024 23:45:32.634,CUSIP,91282CFY2,99.585938,1000000,2000000,99.593750,1000000,2000000
12/26/2024 23:45:32.634,CUSIP,91282CLW9,99.585938,2000000,4000000,99.593750,2000000,4000000
12/26/2024 23:45:32.634,CUSIP,912810RJ9,99.585938,1000000,2000000,99.601562,1000000,2000000
12/26/2024 23:45:32.634,CUSIP,912810UE6,99.585938,2000000,4000000,99.601562,2000000,4000000
12/26/2024 23:45:32.634,CUSIP,912828YU8,99.585938,1000000,2000000,99.601562,1000000,2000000
12/26/2024 23:45:32.634,CUSIP,91282CAY7,99.585938,2000000,4000000,99.601562,2000000,4000000
12/26/2024 23:45:32.634,CUSIP,91282CDJ7,99.585938,1000000,2000000,99.601562,1000000,2000000
12/26/2024 23:45:32.634,CUSIP,91282CFY2,99.585938,2000000,4000000,99.601562,2000000,4000000
12/26/2024 23:45:32.634,CUSIP,91282CLW9,99.585938,1000000,2000000,99.601562,1000000,2000000
12/26/2024 23:45:32.634,CUSIP,912810RJ9,99.593750,2000000,4000000,99.601562,2000000,4000000
12/26/2024 23:45:32.634,CUSIP,912810UE6,99.593750,1000000,2000000,99.601562,1000000,2000000
12/26/2024 23:45:32.634,CUSIP,912828YU8,99.593750,2000000,4000000,99.601562,2000000,4000000
12/26/2024 23:45:32.634,CUSIP,91282CAY7,99.593750,1000000,2000000,99.601562,1000000,2000000
12/26/2024 23:45:32.634,CUSIP,91282CDJ7,99.593750,2000000,4000000,99.601562,2000000,4000000
12/26/2024 23:45:32.634,CUSIP,91282CFY2,99.593750,1000000,2000000,99.601562,1000000,2000000
12/26/2024 23:45:32.634,CUSIP,91282CLW9,99.593750,2000000,4000000,99.601562,2000000,4000000
12/26/2024 23:45:32.634,CUSIP,912810RJ9,99.593750,1000000,2000000,99.609375,1000000,2000000
12/26/2024 23:45:32.634,CUSIP,912810UE6,99.593750,2000000,4000000,99.609375,2000000,4000000
12/26/2024 23:45:32.634,CUSIP,912828YU8,99.593750,1000000,2000000,99.609375,1000000,2000000
12/26/2024 23:45:32.634,CUSIP,91282CAY7,99.593750,2000000,4000000,99.609375,2000000,4000000
12/26/2024 23:45:32.635,CUSIP,91282CDJ7,99.593750,1000000,2000000,99.609375,1000000,2000000
12/26/2024 23:45:32.635,CUSIP,91282CFY2,99.593750,2000000,4000000,99.609375,2000000,4000000
12/26/2024 23:45:32.635,CUSIP,91282CLW9,99.593750,1000000,2000000,99.609375,1000000,2000000
